2640 4860
640 110 665 151 ἢ

173 376 234 433 280
531 365 589 425 DE
610 364 909 427 SPONSALIBUS.

216 540 263 594 14.
284 535 334 594 Ex
353 533 537 611 sponsalibus
555 532 645 593 oritur
662 532 759 611 gravis
770 531 907 610 obligatio
927 532 1120 593 sosuahendi
1133 553 1186 592 suo
1200 543 1268 594 tem·

173 652 244 713 pore
258 634 448 693 matrimonii:
471 640 642 708 quapropter
663 628 724 691 “bi
741 632 791 707 qui
810 632 847 691 de
866 631 1050 691 matrimonio
1068 634 1263 693 contrahendo

175 751 245 811 pure
258 749 287 791 et
299 734 363 792 sine
377 733 456 792 omni
469 730 633 790 conditione
645 729 733 789 fidem
754 729 902 798 dederunt,
921 731 1127 791 commonendi
1147 743 1222 800 sunt,
1241 744 1267 792 et

173 830 412 893 modisomuibus
427 827 1096 905 inducendiutpraestitamiidemobsoersut.”¹
1128 829 1173 888 lta
1185 831 1265 890 docet

175 930 362 993 Innocentius
376 930 431 989 lll.
473 928 600 987 Peccant
618 928 703 1005 igitur
722 929 772 1001 qui
791 936 899 987 temere
916 927 1058 997 resiliunt,
1078 927 1167 989 fidem
1190 930 1263 989 enim

175 1028 279 1091 fallunt
298 1030 329 1087 in
351 1047 381 1087 re
400 1028 578 1107 gravissima,
601 1044 665 1100 quas
683 1035 713 1085 et
732 1027 814 1085 fama
834 1026 988 1086 discrimen
1001 1027 1083 1086 alteri
1096 1028 1264 1105 plerumque

175 1126 269 1189 affert.
311 1127 405 1186 Penes
418 1128 586 1204 episcopum
606 1137 650 1183 est
662 1126 790 1183 censuris
802 1144 905 1203 cogere
918 1143 1044 1202 sponsos
1059 1126 1096 1185 ad
1108 1127 1195 1186 fidem
1209 1146 1265 1185 ser·

176 1226 315 1285 vandam:
336 1236 365 1283 et
385 1227 410 1283 si
433 1235 544 1301 tempus
563 1225 598 1281 ab
617 1223 689 1301 ipsis
709 1222 925 1284 definitumnou
939 1225 1034 1294 suerit,
1047 1224 1119 1284 illud
1132 1234 1265 1295 eminere,

178 1327 252 1385 intra
265 1322 341 1397 quod
353 1325 458 1400 nuptia
471 1323 664 1382 celebrentur:
685 1323 794 1396 quodsi
807 1332 906 1382 renuat
918 1324 1060 1392 alteruter,
1075 1343 1139 1382 raro
1152 1325 1267 1401 expedit

178 1424 371 1483 auctoritatem
397 1422 541 1482 adhibere.
585 1420 692 1480 “Cum
715 1422 804 1481 libera
822 1421 943 1481 debeant
961 1439 1028 1480 esse
1054 1423 1264 1492 matrimonia,'’

176 1523 270 1596 inquit
281 1522 390 1580 Lucius
403 1520 459 1580 111.
474 1520 509 1578 de
524 1519 643 1579 muliere
652 1531 788 1579 renuente
798 1521 918 1598 impiere
928 1523 1163 1598 promissionem,
1179 1531 1199 1559 “
1209 1542 1267 1582 mo·

177 1621 272 1680 nenda
293 1632 337 1679 est
356 1621 451 1697 potius
472 1638 557 1693 quam
578 1619 717 1699 cogenda,
737 1638 804 1678 cum
823 1621 984 1679 coactiones
1005 1620 1139 1680 difficiles
1159 1623 1266 1683 soleant

180 1720 274 1778 exitus
288 1719 449 1792 frequenter
461 1708 614 1779 habera.”²

220 1820 267 1876 15.
289 1817 386 1878 Oritur
404 1818 489 1876 etiam
503 1836 541 1877 ex
560 1816 741 1895 sponsalibus
760 1818 998 1895 impedimentum
1017 1818 1128 1878 dictum
1147 1821 1266 1896 publica

178 1916 347 1985 honestatis,
357 1917 455 1992 quoiit
463 1927 495 1975 ut
506 1936 562 1976 non
572 1915 665 1993 possit
676 1916 743 1974 iniri
756 1918 966 1977 matrimonium
975 1936 1043 1977 cum
1056 1920 1268 1997 comanguinea

178 2016 209 2074 in
223 2017 316 2093 primo
328 2016 436 2093 gradu:
458 2016 509 2074 sed
523 2015 559 2073 de
572 2034 608 2074 eo
621 2016 674 2073 erit
685 2014 822 2092 deinceps
834 2014 1055 2076 loeus-dicendi.

220 2118 267 2172 to.
288 2114 338 2173 Ex
360 2113 540 2191 sponsalibus
558 2115 608 2190 jus
631 2112 775 2186 quoddam
800 2113 963 2174 inchoatum
986 2114 1107 2174 habetur
1125 2114 1163 2175 ad
1182 2134 1265 2175 usum

178 2213 307 2287 corporis
330 2212 446 2289 sponsi:
469 2211 546 2284 quod
567 2211 684 2285 quidem
704 2213 806 2286 nequit
823 2212 962 2272 ullatenus
982 2214 1123 2282 exerceri,
1137 2233 1225 2289 quum
1237 2214 1266 2274 id

177 2326 236 2366 non
254 2309 339 2367 liceat
357 2310 413 2368 nisi
434 2309 615 2368 matrimonio
634 2310 807 2387 conjunctis.
849 2311 959 2389 Negari
978 2313 1028 2371 vix
1048 2320 1147 2391 pqtest
1164 2322 1266 2372 tantam

176 2407 415 2466 necessitudinem
433 2407 618 2466 cohonestare
639 2426 703 2481 quae
723 2410 829 2469 amoris
851 2410 966 2479 indicia,
987 2428 1041 2488 pro
1061 2428 1143 2471 mors
1160 2413 1265 2489 patria.

177 2503 288 2573 dantur,
299 2506 396 2565 oscula
408 2506 517 2565 scilicet
529 2517 557 2566 et
570 2506 719 2584 amplexus
729 2509 862 2579 leviores,
876 2508 1034 2569 dummodo
1045 2510 1267 2578 sensibilique

177 2605 343 2683 pollutionis
368 2607 538 2683 perieulum,
565 2608 643 2680 quod
663 2608 712 2666 vix
734 2609 844 2678 abesse,
865 2609 923 2668 uisi
945 2608 1007 2668 hac
1027 2608 1134 2687 raptim
1154 2610 1223 2669 fiant
1240 2618 1267 2667 et

177 2704 287 2773 leviter,
309 2706 438 2766 fatemur.
482 2706 625 2779 Equidem
646 2706 675 2764 in
696 2726 726 2765 re
749 2707 821 2766 adeo
840 2708 950 2767 lubrica
965 2706 1050 2767 laeile
1071 2709 1137 2782 quis
1156 2709 1265 2776 labitur,

178 2804 300 2878 ideoque
327 2806 411 2863 verba
437 2806 469 2862 S.
496 2805 649 2881 Alpbonsi,
676 2807 725 2877 qui
750 2809 800 2865 vix
826 2807 896 2879 quid
919 2804 1088 2885 hujusmodi
1121 2809 1265 2887 permittit,

177 2903 316 2963 lectorum
330 2905 420 2963 oculis
433 2903 611 2981 subjicienda
622 2903 768 2964 duximus.
811 2906 908 2972 Quum
921 2904 1073 2965 Sanchesii
1086 2906 1265 2980 aliorumque

178 3004 322 3062 retulisset
334 3004 516 3072 sententiam,
529 3003 728 3063 excusantium
742 3004 884 3063 amormli
895 3004 1133 3065 osculaettactus
1147 3006 1265 3084 pudicos

177 3101 252 3160 inter
265 3120 399 3179 sponsus,
412 3102 459 3161 rei
472 3105 557 3162 etiam
571 3123 589 3161 a
601 3102 716 3171 veniali,
728 3104 755 3162 si
769 3103 843 3162 adsit
850 3103 931 3182 justa
941 3122 1046 3165 eausaz
1063 3122 1081 3161 r
1093 3125 1100 3163 ε
1116 3124 1154 3182 g:
1176 3116 1266 3164 osten·

178 3198 264 3260 dendi
289 3218 426 3270 amorem,
446 3201 579 3278 captandi
596 3201 836 3271 benevolentiam,
856 3202 1013 3283 effugiendi
1033 3204 1264 3270 inurbanitatem,

178 3299 224 3357 vel
237 3297 370 3357 servandi
382 3316 492 3359 morem
505 3301 601 3376 patria
610 3300 641 3368 ;”
662 3302 827 3379 subjunxit:
850 3312 870 3339 “
880 3301 1012 3361 Secunda
1024 3305 1171 3363 sententia
1181 3304 1264 3381 louge

177 3395 352 3473 probabilior
364 3406 392 3453 et
403 3398 522 3457 omnino
536 3398 682 3471 sequenda
696 3442 704 3458 .
717 3442 724 3458 .
738 3443 746 3460 .
761 3401 844 3460 docet
856 3402 925 3460 tales
939 3411 1017 3459 actus
1031 3403 1192 3479 prohibitos
1204 3420 1266 3460 asse

177 3494 290 3572 sponsis
317 3493 417 3553 eodem
437 3495 524 3555 modo
550 3516 608 3569 quo
635 3509 764 3558 vetantur
786 3502 904 3561 omnino
930 3501 1040 3561 solutis.
1084 3501 1181 3570 Ratio,
1202 3502 1267 3575 quia

176 3612 300 3671 sponsus
321 3594 427 3653 ratione
447 3596 623 3672 sponsalium
650 3599 760 3657 nulium
774 3601 953 3678 aequiritjus
966 3599 1000 3657 ad
1014 3618 1120 3679 eorpus
1134 3618 1266 3679 sponsae3

176 3695 250 3754 etsi
272 3695 342 3755 forte
369 3695 490 3767 aliquale
512 3696 561 3773 jus
583 3697 704 3771 acquirit
731 3717 784 3775 per
808 3700 962 3776 sponsalia,
990 3701 1060 3772 quia
1088 3708 1186 3760 tamen
1210 3717 1267 3758 non

176 3794 270 3854 adhuc
293 3806 337 3855 est
357 3795 483 3872 perfecte
506 3796 641 3857 dominus
662 3796 715 3867 rei,
741 3816 800 3856 non
825 3807 921 3876 potest
945 3817 975 3856 re
1000 3799 1051 3857 illa
1072 3801 1127 3868 uti,
1152 3818 1188 3859 ne
1217 3800 1269 3859 im·

176 3894 300 3970 perfecte
322 3894 455 3969 quidem3
477 3898 553 3955 sieut
569 3896 619 3957 ille
633 3897 682 3957 otti
695 3896 838 3975 promissa
854 3908 900 3957 est
914 3897 1041 3956 venditio
1054 3898 1158 3966 rineae,
1170 3899 1267 3971 nequit

177 3992 226 4051 illa
245 3995 296 4062 uti,
316 4013 352 4053 ne
375 3995 540 4073 imperfecte
561 3994 687 4070 quidem,
707 3994 798 4056 donee
825 3999 908 4056 vinea
932 3997 968 4055 de
989 3992 1062 4056 sacto
1088 3998 1115 4056 ei
1132 3997 1268 4057 vendatur

177 4100 206 4149 et
238 4092 369 4153 tradatur.
424 4096 576 4164 Praeterea,
611 4114 676 4155 eum
710 4095 827 4173 sponsis
861 4115 920 4156 non
949 4097 1034 4155 liceat
1070 4097 1184 4173 copula,
1214 4115 1267 4154 nee

176 4184 265 4248 licent
285 4193 355 4250 tales
383 4204 473 4262 actus,
494 4196 544 4268 qui
565 4203 672 4254 tantum
694 4195 730 4254 ad
755 4195 887 4272 copulam
910 4206 976 4254 sunt
994 4195 1127 4255 ordinati.
1189 4195 1266 4254 Con·

213 4344 255 4411 (¹)
275 4347 337 4412 ⁰³1)-
344 4349 370 4399 fi·
382 4349 410 4401 de
422 4350 536 4419 Spernat
705 4356 748 4422 (2)
767 4354 827 4423 Cap
838 4356 897 4407 xvii.
908 4356 938 4408 de
950 4353 1123 4425 sponsalibus.
