<?xml version="1.0" encoding="UTF-8"?>
<!DOCTYPE html PUBLIC "-//W3C//DTD XHTML 1.0 Transitional//EN"
    "http://www.w3.org/TR/xhtml1/DTD/xhtml1-transitional.dtd">
<html xmlns="http://www.w3.org/1999/xhtml" xml:lang="en" lang="en">
 <head>
  <title>
</title>
<meta http-equiv="Content-Type" content="text/html;charset=utf-8" />
  <meta name='ocr-system' content='tesseract 3.04.00' />
  <meta name='ocr-capabilities' content='ocr_page ocr_carea ocr_par ocr_line ocrx_word'/>
</head>
<body>
  <div class='ocr_page' id='page_1' title='image "./theologiaemoral01kenrgoog_0254.png"; bbox 0 0 2640 4860; ppageno 0'>
   <div class='ocr_carea' id='block_1_1' title="bbox 315 394 1146 459">
    <p class='ocr_par' dir='ltr' id='par_1_1' title="bbox 315 394 1146 459">
     <span class='ocr_line' id='line_1_1' title="bbox 315 394 1146 459; baseline 0.002 -2"><span class='ocrx_word' id='word_1_1' title='bbox 315 397 372 457; x_wconf 90' lang='lat' dir='ltr'>DE</span> <span class='ocrx_word' id='word_1_2' title='bbox 394 395 578 457; x_wconf 84' lang='lat' dir='ltr'><strong>MUNERE</strong></span> <span class='ocrx_word' id='word_1_3' title='bbox 601 394 891 457; x_wconf 80' lang='lat' dir='ltr'><strong>CONFESSARII.</strong></span> <span class='ocrx_word' id='word_1_4' title='bbox 1089 404 1146 459; x_wconf 81' lang='grc'>231</span> 
     </span>
    </p>
   </div>
   <div class='ocr_carea' id='block_1_2' title="bbox 55 560 1149 642">
    <p class='ocr_par' dir='ltr' id='par_1_2' title="bbox 55 560 1149 642">
     <span class='ocr_line' id='line_1_2' title="bbox 55 560 1149 642; baseline 0.004 -20"><span class='ocrx_word' id='word_1_5' title='bbox 55 581 112 622; x_wconf 88' lang='lat' dir='ltr'>sua</span> <span class='ocrx_word' id='word_1_6' title='bbox 123 565 221 642; x_wconf 89' lang='lat' dir='ltr'>gravia</span> <span class='ocrx_word' id='word_1_7' title='bbox 233 560 398 641; x_wconf 86' lang='lat' dir='ltr'>peccata.‘&#39;¹</span> <span class='ocrx_word' id='word_1_8' title='bbox 437 563 524 633; x_wconf 83' lang='lat' dir='ltr'>Quod</span> <span class='ocrx_word' id='word_1_9' title='bbox 541 572 635 623; x_wconf 89' lang='lat' dir='ltr'>autern</span> <span class='ocrx_word' id='word_1_10' title='bbox 648 566 790 640; x_wconf 87' lang='lat' dir='ltr'>poenitens</span> <span class='ocrx_word' id='word_1_11' title='bbox 803 566 875 624; x_wconf 93' lang='lat' dir='ltr'>nolit</span> <span class='ocrx_word' id='word_1_12' title='bbox 888 573 960 623; x_wconf 86' lang='lat' dir='ltr'>stare</span> <span class='ocrx_word' id='word_1_13' title='bbox 982 566 1149 627; x_wconf 81' lang='lat' dir='ltr'>confessarii</span> 
     </span>
    </p>
   </div>
   <div class='ocr_carea' id='block_1_3' title="bbox 52 663 1153 3720">
    <p class='ocr_par' dir='ltr' id='par_1_3' title="bbox 52 663 1150 2033">
     <span class='ocr_line' id='line_1_3' title="bbox 52 663 1150 742; baseline 0.004 -21"><span class='ocrx_word' id='word_1_14' title='bbox 52 664 166 742; x_wconf 91' lang='lat' dir='ltr'>judicio</span> <span class='ocrx_word' id='word_1_15' title='bbox 189 663 220 720; x_wconf 92' lang='lat' dir='ltr'>in</span> <span class='ocrx_word' id='word_1_16' title='bbox 242 682 272 720; x_wconf 88' lang='lat' dir='ltr'>re</span> <span class='ocrx_word' id='word_1_17' title='bbox 286 664 358 722; x_wconf 89' lang='lat' dir='ltr'>inter</span> <span class='ocrx_word' id='word_1_18' title='bbox 378 663 528 740; x_wconf 87' lang='lat' dir='ltr'>theologos</span> <span class='ocrx_word' id='word_1_19' title='bbox 551 672 742 731; x_wconf 89' lang='lat' dir='ltr'>controversa,</span> <span class='ocrx_word' id='word_1_20' title='bbox 763 681 821 722; x_wconf 91' lang='lat' dir='ltr'>non</span> <span class='ocrx_word' id='word_1_21' title='bbox 834 665 935 741; x_wconf 92' lang='lat' dir='ltr'>probat</span> <span class='ocrx_word' id='word_1_22' title='bbox 947 683 1014 724; x_wconf 90' lang='lat' dir='ltr'>eum</span> <span class='ocrx_word' id='word_1_23' title='bbox 1027 664 1150 742; x_wconf 88' lang='lat' dir='ltr'>disposi-</span> 
     </span>
     <span class='ocr_line' id='line_1_4' title="bbox 56 762 1149 842; baseline 0.003 -21"><span class='ocrx_word' id='word_1_24' title='bbox 56 765 136 822; x_wconf 87' lang='lat' dir='ltr'>tione</span> <span class='ocrx_word' id='word_1_25' title='bbox 148 763 311 821; x_wconf 87' lang='lat' dir='ltr'>uecessaria</span> <span class='ocrx_word' id='word_1_26' title='bbox 332 781 438 832; x_wconf 88' lang='lat' dir='ltr'>carere,</span> <span class='ocrx_word' id='word_1_27' title='bbox 459 781 549 836; x_wconf 92' lang='lat' dir='ltr'>quum</span> <span class='ocrx_word' id='word_1_28' title='bbox 563 762 695 821; x_wconf 82' lang='lat' dir='ltr'><strong>sacerdos</strong></span> <span class='ocrx_word' id='word_1_29' title='bbox 716 781 774 821; x_wconf 91' lang='lat' dir='ltr'>non</span> <span class='ocrx_word' id='word_1_30' title='bbox 795 765 833 822; x_wconf 90' lang='lat' dir='ltr'>sit</span> <span class='ocrx_word' id='word_1_31' title='bbox 847 765 939 842; x_wconf 87' lang='lat' dir='ltr'>judex</span> <span class='ocrx_word' id='word_1_32' title='bbox 959 768 1149 825; x_wconf 87' lang='lat' dir='ltr'>coutroversi-</span> 
     </span>
     <span class='ocr_line' id='line_1_5' title="bbox 56 862 1149 940; baseline 0.005 -20"><span class='ocrx_word' id='word_1_33' title='bbox 56 881 149 921; x_wconf 85' lang='lat' dir='ltr'>arum.</span> <span class='ocrx_word' id='word_1_34' title='bbox 192 862 225 920; x_wconf 83' lang='lat' dir='ltr'>si</span> <span class='ocrx_word' id='word_1_35' title='bbox 245 862 378 921; x_wconf 77' lang='lat' dir='ltr'>sacerdos</span> <span class='ocrx_word' id='word_1_36' title='bbox 402 862 437 920; x_wconf 91' lang='lat' dir='ltr'>de</span> <span class='ocrx_word' id='word_1_37' title='bbox 451 863 613 927; x_wconf 61' lang='lat' dir='ltr'>,rationibus</span> <span class='ocrx_word' id='word_1_38' title='bbox 633 863 766 935; x_wconf 88' lang='lat' dir='ltr'>utrinque</span> <span class='ocrx_word' id='word_1_39' title='bbox 786 864 950 932; x_wconf 88' lang='lat' dir='ltr'>instructus,</span> <span class='ocrx_word' id='word_1_40' title='bbox 972 864 1049 940; x_wconf 89' lang='lat' dir='ltr'>apud</span> <span class='ocrx_word' id='word_1_41' title='bbox 1062 865 1149 926; x_wconf 83' lang='lat' dir='ltr'>alium</span> 
     </span>
     <span class='ocr_line' id='line_1_6' title="bbox 57 961 1150 1039; baseline 0.005 -20"><span class='ocrx_word' id='word_1_42' title='bbox 57 962 238 1021; x_wconf 79' lang='lat' dir='ltr'><strong>sacerdotem</strong></span> <span class='ocrx_word' id='word_1_43' title='bbox 251 962 427 1028; x_wconf 88' lang='lat' dir='ltr'>confiteatur,</span> <span class='ocrx_word' id='word_1_44' title='bbox 453 961 634 1020; x_wconf 80' lang='lat' dir='ltr'>manifestum</span> <span class='ocrx_word' id='word_1_45' title='bbox 648 971 691 1019; x_wconf 88' lang='lat' dir='ltr'>est</span> <span class='ocrx_word' id='word_1_46' title='bbox 704 981 770 1020; x_wconf 88' lang='lat' dir='ltr'>eum</span> <span class='ocrx_word' id='word_1_47' title='bbox 779 981 837 1021; x_wconf 92' lang='lat' dir='ltr'>non</span> <span class='ocrx_word' id='word_1_48' title='bbox 849 964 937 1020; x_wconf 89' lang='lat' dir='ltr'>teneri</span> <span class='ocrx_word' id='word_1_49' title='bbox 951 962 1150 1039; x_wconf 78' lang='lat' dir='ltr'>theologorum</span> 
     </span>
     <span class='ocr_line' id='line_1_7' title="bbox 57 1061 1148 1139; baseline 0.004 -21"><span class='ocrx_word' id='word_1_50' title='bbox 57 1080 131 1133; x_wconf 85' lang='lat' dir='ltr'>quos</span> <span class='ocrx_word' id='word_1_51' title='bbox 145 1061 273 1134; x_wconf 88' lang='lat' dir='ltr'>sequitur</span> <span class='ocrx_word' id='word_1_52' title='bbox 295 1061 451 1118; x_wconf 74' lang='lat' dir='ltr'>auctoritati</span> <span class='ocrx_word' id='word_1_53' title='bbox 471 1072 499 1118; x_wconf 91' lang='lat' dir='ltr'>et</span> <span class='ocrx_word' id='word_1_54' title='bbox 521 1062 695 1138; x_wconf 82' lang='lat' dir='ltr'>argumentis</span> <span class='ocrx_word' id='word_1_55' title='bbox 714 1062 800 1121; x_wconf 90' lang='lat' dir='ltr'>unius</span> <span class='ocrx_word' id='word_1_56' title='bbox 820 1062 987 1120; x_wconf 82' lang='lat' dir='ltr'>confessarii</span> <span class='ocrx_word' id='word_1_57' title='bbox 1003 1061 1148 1139; x_wconf 86' lang='lat' dir='ltr'>judicium</span> 
     </span>
     <span class='ocr_line' id='line_1_8' title="bbox 57 1159 1148 1237; baseline -0.001 -18"><span class='ocrx_word' id='word_1_58' title='bbox 57 1160 215 1219; x_wconf 80' lang='lat' dir='ltr'>anteferre:</span> <span class='ocrx_word' id='word_1_59' title='bbox 236 1160 324 1218; x_wconf 86' lang='lat' dir='ltr'>laicus</span> <span class='ocrx_word' id='word_1_60' title='bbox 338 1159 405 1218; x_wconf 83' lang='lat' dir='ltr'>verb</span> <span class='ocrx_word' id='word_1_61' title='bbox 426 1179 549 1219; x_wconf 88' lang='lat' dir='ltr'>noscens</span> <span class='ocrx_word' id='word_1_62' title='bbox 569 1160 766 1237; x_wconf 85' lang='lat' dir='ltr'>theologorum</span> <span class='ocrx_word' id='word_1_63' title='bbox 789 1162 880 1219; x_wconf 88' lang='lat' dir='ltr'>varias</span> <span class='ocrx_word' id='word_1_64' title='bbox 900 1180 964 1218; x_wconf 89' lang='lat' dir='ltr'>esse</span> <span class='ocrx_word' id='word_1_65' title='bbox 985 1163 1148 1230; x_wconf 86' lang='lat' dir='ltr'>sententias,</span> 
     </span>
     <span class='ocr_line' id='line_1_9' title="bbox 56 1258 1148 1336; baseline 0.003 -19"><span class='ocrx_word' id='word_1_66' title='bbox 56 1261 104 1318; x_wconf 87' lang='lat' dir='ltr'>cui</span> <span class='ocrx_word' id='word_1_67' title='bbox 117 1262 189 1318; x_wconf 91' lang='lat' dir='ltr'>ratio</span> <span class='ocrx_word' id='word_1_68' title='bbox 203 1258 314 1317; x_wconf 88' lang='lat' dir='ltr'>videtur</span> <span class='ocrx_word' id='word_1_69' title='bbox 335 1260 431 1318; x_wconf 82' lang='lat' dir='ltr'>favere</span> <span class='ocrx_word' id='word_1_70' title='bbox 451 1262 555 1336; x_wconf 87' lang='lat' dir='ltr'>poterit</span> <span class='ocrx_word' id='word_1_71' title='bbox 576 1260 698 1335; x_wconf 86' lang='lat' dir='ltr'>eligere;</span> <span class='ocrx_word' id='word_1_72' title='bbox 720 1261 766 1319; x_wconf 86' lang='lat' dir='ltr'>vel</span> <span class='ocrx_word' id='word_1_73' title='bbox 786 1279 844 1319; x_wconf 83' lang='lat' dir='ltr'>suae</span> <span class='ocrx_word' id='word_1_74' title='bbox 858 1262 953 1319; x_wconf 85' lang='lat' dir='ltr'>favere</span> <span class='ocrx_word' id='word_1_75' title='bbox 966 1260 1097 1327; x_wconf 86' lang='lat' dir='ltr'>libertati,</span> <span class='ocrx_word' id='word_1_76' title='bbox 1112 1279 1148 1320; x_wconf 85' lang='lat' dir='ltr'>eo</span> 
     </span>
     <span class='ocr_line' id='line_1_10' title="bbox 56 1359 1148 1436; baseline -0.001 -19"><span class='ocrx_word' id='word_1_77' title='bbox 56 1359 136 1432; x_wconf 92' lang='lat' dir='ltr'>quod</span> <span class='ocrx_word' id='word_1_78' title='bbox 149 1359 185 1417; x_wconf 86' lang='lat' dir='ltr'>de</span> <span class='ocrx_word' id='word_1_79' title='bbox 199 1359 262 1435; x_wconf 91' lang='lat' dir='ltr'>lege</span> <span class='ocrx_word' id='word_1_80' title='bbox 276 1367 304 1416; x_wconf 89' lang='lat' dir='ltr'>et</span> <span class='ocrx_word' id='word_1_81' title='bbox 317 1360 402 1418; x_wconf 88' lang='lat' dir='ltr'>vetito</span> <span class='ocrx_word' id='word_1_82' title='bbox 419 1360 558 1417; x_wconf 88' lang='lat' dir='ltr'>nonsatis</span> <span class='ocrx_word' id='word_1_83' title='bbox 572 1370 693 1427; x_wconf 85' lang='lat' dir='ltr'>constet,</span> <span class='ocrx_word' id='word_1_84' title='bbox 708 1378 796 1432; x_wconf 90' lang='lat' dir='ltr'>quum</span> <span class='ocrx_word' id='word_1_85' title='bbox 816 1359 886 1418; x_wconf 92' lang='lat' dir='ltr'>illud</span> <span class='ocrx_word' id='word_1_86' title='bbox 898 1367 1004 1436; x_wconf 89' lang='lat' dir='ltr'>negent</span> <span class='ocrx_word' id='word_1_87' title='bbox 1016 1360 1148 1419; x_wconf 88' lang='lat' dir='ltr'>homines</span> 
     </span>
     <span class='ocr_line' id='line_1_11' title="bbox 56 1458 1146 1536; baseline 0.001 -21"><span class='ocrx_word' id='word_1_88' title='bbox 56 1458 185 1516; x_wconf 88' lang='lat' dir='ltr'>doctrina</span> <span class='ocrx_word' id='word_1_89' title='bbox 199 1467 227 1516; x_wconf 90' lang='lat' dir='ltr'>et</span> <span class='ocrx_word' id='word_1_90' title='bbox 239 1458 343 1534; x_wconf 91' lang='lat' dir='ltr'>pietate</span> <span class='ocrx_word' id='word_1_91' title='bbox 357 1459 496 1535; x_wconf 80' lang='lat' dir='ltr'>insignes.</span> <span class='ocrx_word' id='word_1_92' title='bbox 538 1459 571 1516; x_wconf 80' lang='lat' dir='ltr'>si</span> <span class='ocrx_word' id='word_1_93' title='bbox 585 1460 749 1533; x_wconf 72' lang='lat' dir='ltr'>penitentis</span> <span class='ocrx_word' id='word_1_94' title='bbox 763 1460 905 1518; x_wconf 89' lang='lat' dir='ltr'>sententia</span> <span class='ocrx_word' id='word_1_95' title='bbox 917 1459 1000 1536; x_wconf 92' lang='lat' dir='ltr'>plane</span> <span class='ocrx_word' id='word_1_96' title='bbox 1014 1459 1052 1516; x_wconf 91' lang='lat' dir='ltr'>sit</span> <span class='ocrx_word' id='word_1_97' title='bbox 1064 1459 1146 1526; x_wconf 82' lang='lat' dir='ltr'>falsa,</span> 
     </span>
     <span class='ocr_line' id='line_1_12' title="bbox 57 1557 1149 1635; baseline 0.002 -21"><span class='ocrx_word' id='word_1_98' title='bbox 57 1558 249 1616; x_wconf 80' lang='lat' dir='ltr'>confessarius</span> <span class='ocrx_word' id='word_1_99' title='bbox 272 1577 330 1616; x_wconf 92' lang='lat' dir='ltr'>non</span> <span class='ocrx_word' id='word_1_100' title='bbox 350 1558 435 1616; x_wconf 91' lang='lat' dir='ltr'>debet</span> <span class='ocrx_word' id='word_1_101' title='bbox 447 1557 607 1635; x_wconf 85' lang='lat' dir='ltr'>permittere</span> <span class='ocrx_word' id='word_1_102' title='bbox 621 1567 653 1616; x_wconf 95' lang='lat' dir='ltr'>ut</span> <span class='ocrx_word' id='word_1_103' title='bbox 666 1577 729 1617; x_wconf 92' lang='lat' dir='ltr'>eam</span> <span class='ocrx_word' id='word_1_104' title='bbox 750 1567 894 1631; x_wconf 85' lang='lat' dir='ltr'>sequatur,</span> <span class='ocrx_word' id='word_1_105' title='bbox 908 1578 962 1618; x_wconf 94' lang='lat' dir='ltr'>nec</span> <span class='ocrx_word' id='word_1_106' title='bbox 976 1577 1042 1617; x_wconf 90' lang='lat' dir='ltr'>eum</span> <span class='ocrx_word' id='word_1_107' title='bbox 1056 1559 1149 1617; x_wconf 87' lang='lat' dir='ltr'>absol·</span> 
     </span>
     <span class='ocr_line' id='line_1_13' title="bbox 56 1657 1149 1734; baseline 0.002 -21"><span class='ocrx_word' id='word_1_108' title='bbox 56 1675 123 1714; x_wconf 89' lang='lat' dir='ltr'>vere</span> <span class='ocrx_word' id='word_1_109' title='bbox 138 1659 163 1715; x_wconf 91' lang='lat' dir='ltr'>si</span> <span class='ocrx_word' id='word_1_110' title='bbox 177 1657 358 1733; x_wconf 86' lang='lat' dir='ltr'>pertinaciter</span> <span class='ocrx_word' id='word_1_111' title='bbox 379 1657 446 1715; x_wconf 91' lang='lat' dir='ltr'>velit</span> <span class='ocrx_word' id='word_1_112' title='bbox 467 1675 531 1714; x_wconf 89' lang='lat' dir='ltr'>eam</span> <span class='ocrx_word' id='word_1_113' title='bbox 553 1658 652 1729; x_wconf 87' lang='lat' dir='ltr'>sequi:</span> <span class='ocrx_word' id='word_1_114' title='bbox 674 1659 740 1730; x_wconf 89' lang='lat' dir='ltr'>quia</span> <span class='ocrx_word' id='word_1_115' title='bbox 760 1668 827 1716; x_wconf 90' lang='lat' dir='ltr'>tunc</span> <span class='ocrx_word' id='word_1_116' title='bbox 849 1677 908 1717; x_wconf 94' lang='lat' dir='ltr'>non</span> <span class='ocrx_word' id='word_1_117' title='bbox 922 1667 966 1716; x_wconf 87' lang='lat' dir='ltr'>est</span> <span class='ocrx_word' id='word_1_118' title='bbox 978 1677 1044 1716; x_wconf 88' lang='lat' dir='ltr'>vere</span> <span class='ocrx_word' id='word_1_119' title='bbox 1059 1659 1149 1734; x_wconf 86' lang='lat' dir='ltr'>poeni·</span> 
     </span>
     <span class='ocr_line' id='line_1_14' title="bbox 58 1756 1147 1832; baseline 0.001 -18"><span class='ocrx_word' id='word_1_120' title='bbox 58 1765 131 1814; x_wconf 90' lang='lat' dir='ltr'>tens.</span> <span class='ocrx_word' id='word_1_121' title='bbox 175 1756 245 1815; x_wconf 92' lang='lat' dir='ltr'>Non</span> <span class='ocrx_word' id='word_1_122' title='bbox 259 1756 296 1813; x_wconf 84' lang='lat' dir='ltr'>ita</span> <span class='ocrx_word' id='word_1_123' title='bbox 309 1758 334 1814; x_wconf 87' lang='lat' dir='ltr'>si</span> <span class='ocrx_word' id='word_1_124' title='bbox 348 1756 522 1815; x_wconf 78' lang='lat' dir='ltr'>confessario</span> <span class='ocrx_word' id='word_1_125' title='bbox 536 1756 630 1813; x_wconf 87' lang='lat' dir='ltr'>minus</span> <span class='ocrx_word' id='word_1_126' title='bbox 645 1757 799 1832; x_wconf 88' lang='lat' dir='ltr'>probabilis</span> <span class='ocrx_word' id='word_1_127' title='bbox 814 1757 951 1824; x_wconf 86' lang='lat' dir='ltr'>videatur,</span> <span class='ocrx_word' id='word_1_128' title='bbox 966 1777 1054 1830; x_wconf 91' lang='lat' dir='ltr'>quum</span> <span class='ocrx_word' id='word_1_129' title='bbox 1068 1759 1147 1815; x_wconf 91' lang='lat' dir='ltr'>enim</span> 
     </span>
     <span class='ocr_line' id='line_1_15' title="bbox 59 1854 1147 1934; baseline 0.003 -23"><span class='ocrx_word' id='word_1_130' title='bbox 59 1857 136 1914; x_wconf 90' lang='lat' dir='ltr'>varia</span> <span class='ocrx_word' id='word_1_131' title='bbox 148 1857 207 1914; x_wconf 90' lang='lat' dir='ltr'>sint</span> <span class='ocrx_word' id='word_1_132' title='bbox 218 1855 367 1914; x_wconf 91' lang='lat' dir='ltr'>hominum</span> <span class='ocrx_word' id='word_1_133' title='bbox 386 1854 504 1932; x_wconf 90' lang='lat' dir='ltr'>judicia,</span> <span class='ocrx_word' id='word_1_134' title='bbox 518 1856 580 1912; x_wconf 90' lang='lat' dir='ltr'>fieri</span> <span class='ocrx_word' id='word_1_135' title='bbox 593 1857 697 1931; x_wconf 89' lang='lat' dir='ltr'>poterit</span> <span class='ocrx_word' id='word_1_136' title='bbox 709 1865 741 1913; x_wconf 91' lang='lat' dir='ltr'>ut</span> <span class='ocrx_word' id='word_1_137' title='bbox 754 1857 927 1932; x_wconf 87' lang='lat' dir='ltr'>probabilior</span> <span class='ocrx_word' id='word_1_138' title='bbox 939 1864 1073 1934; x_wconf 86' lang='lat' dir='ltr'>appareat</span> <span class='ocrx_word' id='word_1_139' title='bbox 1085 1875 1147 1932; x_wconf 81' lang='lat' dir='ltr'>pm·</span> 
     </span>
     <span class='ocr_line' id='line_1_16' title="bbox 56 1954 403 2033; baseline 0.003 -21"><span class='ocrx_word' id='word_1_140' title='bbox 56 1956 169 2022; x_wconf 82' lang='lat' dir='ltr'>nitenti,</span> <span class='ocrx_word' id='word_1_141' title='bbox 183 1954 229 2012; x_wconf 89' lang='lat' dir='ltr'>vel</span> <span class='ocrx_word' id='word_1_142' title='bbox 242 1974 342 2033; x_wconf 89' lang='lat' dir='ltr'>reapse</span> <span class='ocrx_word' id='word_1_143' title='bbox 356 1956 403 2013; x_wconf 83' lang='lat' dir='ltr'>sit.</span> 
     </span>
    </p>

    <p class='ocr_par' dir='ltr' id='par_1_4' title="bbox 56 2052 1153 3720">
     <span class='ocr_line' id='line_1_17' title="bbox 96 2052 1148 2130; baseline -0.003 -18"><span class='ocrx_word' id='word_1_144' title='bbox 96 2060 168 2114; x_wconf 81' lang='grc'><strong>227.</strong></span> <span class='ocrx_word' id='word_1_145' title='bbox 190 2055 224 2112; x_wconf 92' lang='lat' dir='ltr'>In</span> <span class='ocrx_word' id='word_1_146' title='bbox 238 2055 406 2130; x_wconf 87' lang='lat' dir='ltr'>opinionum</span> <span class='ocrx_word' id='word_1_147' title='bbox 427 2052 536 2111; x_wconf 89' lang='lat' dir='ltr'>delectu</span> <span class='ocrx_word' id='word_1_148' title='bbox 558 2056 705 2112; x_wconf 88' lang='lat' dir='ltr'>sententiae</span> <span class='ocrx_word' id='word_1_149' title='bbox 727 2055 843 2112; x_wconf 86' lang='lat' dir='ltr'>tutiores</span> <span class='ocrx_word' id='word_1_150' title='bbox 864 2054 1052 2113; x_wconf 69' lang='lat' dir='ltr'>anteferendae</span> <span class='ocrx_word' id='word_1_151' title='bbox 1073 2062 1148 2119; x_wconf 87' lang='lat' dir='ltr'>sunt,</span> 
     </span>
     <span class='ocr_line' id='line_1_18' title="bbox 57 2152 1150 2231; baseline -0.002 -19"><span class='ocrx_word' id='word_1_152' title='bbox 57 2155 170 2225; x_wconf 89' lang='lat' dir='ltr'>quoties</span> <span class='ocrx_word' id='word_1_153' title='bbox 184 2155 325 2230; x_wconf 91' lang='lat' dir='ltr'>poenitens</span> <span class='ocrx_word' id='word_1_154' title='bbox 340 2162 452 2231; x_wconf 90' lang='lat' dir='ltr'>paratus</span> <span class='ocrx_word' id='word_1_155' title='bbox 473 2161 517 2210; x_wconf 90' lang='lat' dir='ltr'>est</span> <span class='ocrx_word' id='word_1_156' title='bbox 536 2171 585 2210; x_wconf 90' lang='lat' dir='ltr'>eas</span> <span class='ocrx_word' id='word_1_157' title='bbox 607 2156 706 2226; x_wconf 85' lang='lat' dir='ltr'>sequi:</span> <span class='ocrx_word' id='word_1_158' title='bbox 729 2173 793 2212; x_wconf 91' lang='lat' dir='ltr'>nam</span> <span class='ocrx_word' id='word_1_159' title='bbox 808 2153 842 2212; x_wconf 93' lang='lat' dir='ltr'>ad</span> <span class='ocrx_word' id='word_1_160' title='bbox 857 2152 1023 2231; x_wconf 68' lang='lat' dir='ltr'>perfectiora</span> <span class='ocrx_word' id='word_1_161' title='bbox 1036 2171 1150 2229; x_wconf 88' lang='lat' dir='ltr'>semper</span> 
     </span>
     <span class='ocr_line' id='line_1_19' title="bbox 57 2252 1152 2332; baseline -0.002 -22"><span class='ocrx_word' id='word_1_162' title='bbox 57 2252 242 2311; x_wconf 87' lang='lat' dir='ltr'>adducendus</span> <span class='ocrx_word' id='word_1_163' title='bbox 255 2263 298 2310; x_wconf 90' lang='lat' dir='ltr'>est</span> <span class='ocrx_word' id='word_1_164' title='bbox 310 2263 339 2312; x_wconf 89' lang='lat' dir='ltr'>et</span> <span class='ocrx_word' id='word_1_165' title='bbox 351 2252 557 2329; x_wconf 87' lang='lat' dir='ltr'>impellendus:</span> <span class='ocrx_word' id='word_1_166' title='bbox 579 2253 630 2311; x_wconf 88' lang='lat' dir='ltr'>sed</span> <span class='ocrx_word' id='word_1_167' title='bbox 650 2263 679 2310; x_wconf 92' lang='lat' dir='ltr'>et</span> <span class='ocrx_word' id='word_1_168' title='bbox 698 2253 868 2312; x_wconf 87' lang='lat' dir='ltr'>infirmitatis</span> <span class='ocrx_word' id='word_1_169' title='bbox 889 2255 952 2332; x_wconf 91' lang='lat' dir='ltr'>ejus</span> <span class='ocrx_word' id='word_1_170' title='bbox 965 2252 1096 2312; x_wconf 88' lang='lat' dir='ltr'>habenda</span> <span class='ocrx_word' id='word_1_171' title='bbox 1109 2263 1152 2309; x_wconf 86' lang='lat' dir='ltr'>est</span> 
     </span>
     <span class='ocr_line' id='line_1_20' title="bbox 58 2353 1150 2430; baseline 0 -20"><span class='ocrx_word' id='word_1_172' title='bbox 58 2353 138 2421; x_wconf 91' lang='lat' dir='ltr'>ratio,</span> <span class='ocrx_word' id='word_1_173' title='bbox 153 2371 190 2411; x_wconf 98' lang='lat' dir='ltr'>ne</span> <span class='ocrx_word' id='word_1_174' title='bbox 203 2353 312 2430; x_wconf 87' lang='lat' dir='ltr'>majora</span> <span class='ocrx_word' id='word_1_175' title='bbox 332 2354 439 2413; x_wconf 87' lang='lat' dir='ltr'>viribus</span> <span class='ocrx_word' id='word_1_176' title='bbox 459 2370 544 2409; x_wconf 89' lang='lat' dir='ltr'>ausus</span> <span class='ocrx_word' id='word_1_177' title='bbox 565 2353 595 2409; x_wconf 94' lang='lat' dir='ltr'>in</span> <span class='ocrx_word' id='word_1_178' title='bbox 618 2354 702 2429; x_wconf 90' lang='lat' dir='ltr'>pejus</span> <span class='ocrx_word' id='word_1_179' title='bbox 722 2363 795 2412; x_wconf 88' lang='lat' dir='ltr'>ruat.</span> <span class='ocrx_word' id='word_1_180' title='bbox 837 2353 889 2412; x_wconf 88' lang='lat' dir='ltr'>Eae</span> <span class='ocrx_word' id='word_1_181' title='bbox 903 2355 1072 2430; x_wconf 91' lang='lat' dir='ltr'>plerumque</span> <span class='ocrx_word' id='word_1_182' title='bbox 1086 2369 1150 2410; x_wconf 91' lang='lat' dir='ltr'>sen·</span> 
     </span>
     <span class='ocr_line' id='line_1_21' title="bbox 58 2450 1152 2528; baseline 0.002 -20"><span class='ocrx_word' id='word_1_183' title='bbox 58 2453 153 2510; x_wconf 84' lang='lat' dir='ltr'>tentiae</span> <span class='ocrx_word' id='word_1_184' title='bbox 167 2470 231 2525; x_wconf 86' lang='lat' dir='ltr'>quae</span> <span class='ocrx_word' id='word_1_185' title='bbox 245 2453 404 2528; x_wconf 89' lang='lat' dir='ltr'>periculum</span> <span class='ocrx_word' id='word_1_186' title='bbox 419 2452 528 2527; x_wconf 90' lang='lat' dir='ltr'>peccati</span> <span class='ocrx_word' id='word_1_187' title='bbox 541 2451 668 2510; x_wconf 89' lang='lat' dir='ltr'>formalis</span> <span class='ocrx_word' id='word_1_188' title='bbox 687 2461 829 2518; x_wconf 86' lang='lat' dir='ltr'>amovent,</span> <span class='ocrx_word' id='word_1_189' title='bbox 851 2454 968 2511; x_wconf 89' lang='lat' dir='ltr'>tutiores</span> <span class='ocrx_word' id='word_1_190' title='bbox 982 2461 1058 2519; x_wconf 89' lang='lat' dir='ltr'>sunt,</span> <span class='ocrx_word' id='word_1_191' title='bbox 1072 2450 1152 2510; x_wconf 90' lang='lat' dir='ltr'>ideo·</span> 
     </span>
     <span class='ocr_line' id='line_1_22' title="bbox 58 2548 1152 2625; baseline -0.004 -16"><span class='ocrx_word' id='word_1_192' title='bbox 58 2570 113 2624; x_wconf 90' lang='lat' dir='ltr'>que</span> <span class='ocrx_word' id='word_1_193' title='bbox 129 2551 327 2611; x_wconf 75' lang='lat' dir='ltr'>anteferenda.</span> <span class='ocrx_word' id='word_1_194' title='bbox 371 2560 389 2587; x_wconf 88' lang='lat'><strong>“</strong></span> <span class='ocrx_word' id='word_1_195' title='bbox 400 2550 603 2609; x_wconf 81' lang='lat' dir='ltr'>Confessarius</span> <span class='ocrx_word' id='word_1_196' title='bbox 623 2553 653 2609; x_wconf 95' lang='lat' dir='ltr'>in</span> <span class='ocrx_word' id='word_1_197' title='bbox 673 2549 784 2608; x_wconf 87' lang='lat' dir='ltr'>delectu</span> <span class='ocrx_word' id='word_1_198' title='bbox 806 2551 973 2625; x_wconf 85' lang='lat' dir='ltr'>opinionum</span> <span class='ocrx_word' id='word_1_199' title='bbox 987 2559 1053 2607; x_wconf 91' lang='lat' dir='ltr'>tunc</span> <span class='ocrx_word' id='word_1_200' title='bbox 1067 2548 1152 2606; x_wconf 90' lang='lat' dir='ltr'>debet</span> 
     </span>
     <span class='ocr_line' id='line_1_23' title="bbox 57 2647 1151 2727; baseline -0.002 -20"><span class='ocrx_word' id='word_1_201' title='bbox 57 2650 240 2727; x_wconf 89' lang='lat' dir='ltr'>benigniores</span> <span class='ocrx_word' id='word_1_202' title='bbox 253 2652 408 2709; x_wconf 89' lang='lat' dir='ltr'>sententias</span> <span class='ocrx_word' id='word_1_203' title='bbox 431 2651 524 2723; x_wconf 89' lang='lat' dir='ltr'>sequi,</span> <span class='ocrx_word' id='word_1_204' title='bbox 545 2649 661 2721; x_wconf 90' lang='lat' dir='ltr'>quando</span> <span class='ocrx_word' id='word_1_205' title='bbox 680 2649 735 2707; x_wconf 86' lang='lat' dir='ltr'>illae</span> <span class='ocrx_word' id='word_1_206' title='bbox 755 2650 849 2724; x_wconf 90' lang='lat' dir='ltr'>potius</span> <span class='ocrx_word' id='word_1_207' title='bbox 863 2649 1001 2706; x_wconf 89' lang='lat' dir='ltr'>inducunt</span> <span class='ocrx_word' id='word_1_208' title='bbox 1013 2647 1151 2723; x_wconf 89' lang='lat' dir='ltr'>poeniten-</span> 
     </span>
     <span class='ocr_line' id='line_1_24' title="bbox 58 2745 1152 2826; baseline -0.003 -21"><span class='ocrx_word' id='word_1_209' title='bbox 58 2758 116 2809; x_wconf 90' lang='lat' dir='ltr'>tem</span> <span class='ocrx_word' id='word_1_210' title='bbox 131 2749 167 2807; x_wconf 91' lang='lat' dir='ltr'>ad</span> <span class='ocrx_word' id='word_1_211' title='bbox 179 2750 325 2809; x_wconf 89' lang='lat' dir='ltr'>vitandum</span> <span class='ocrx_word' id='word_1_212' title='bbox 339 2758 499 2826; x_wconf 90' lang='lat' dir='ltr'>peccatum.</span> <span class='ocrx_word' id='word_1_213' title='bbox 541 2748 632 2807; x_wconf 87' lang='lat' dir='ltr'>Secus</span> <span class='ocrx_word' id='word_1_214' title='bbox 653 2745 730 2815; x_wconf 85' lang='lat' dir='ltr'>verd,</span> <span class='ocrx_word' id='word_1_215' title='bbox 751 2749 776 2805; x_wconf 89' lang='lat' dir='ltr'>si</span> <span class='ocrx_word' id='word_1_216' title='bbox 799 2746 855 2805; x_wconf 90' lang='lat' dir='ltr'>illae</span> <span class='ocrx_word' id='word_1_217' title='bbox 874 2747 971 2824; x_wconf 89' lang='lat' dir='ltr'>potius</span> <span class='ocrx_word' id='word_1_218' title='bbox 991 2745 1152 2803; x_wconf 89' lang='lat' dir='ltr'>conducant</span> 
     </span>
     <span class='ocr_line' id='line_1_25' title="bbox 56 2846 1151 2926; baseline -0.005 -20"><span class='ocrx_word' id='word_1_219' title='bbox 56 2848 93 2906; x_wconf 90' lang='lat' dir='ltr'>ad</span> <span class='ocrx_word' id='word_1_220' title='bbox 106 2849 181 2926; x_wconf 91' lang='lat' dir='ltr'>legis</span> <span class='ocrx_word' id='word_1_221' title='bbox 196 2851 461 2926; x_wconf 87' lang='lat' dir='ltr'>transgressionem,</span> <span class='ocrx_word' id='word_1_222' title='bbox 476 2856 561 2924; x_wconf 91' lang='lat' dir='ltr'>prout</span> <span class='ocrx_word' id='word_1_223' title='bbox 573 2859 642 2905; x_wconf 90' lang='lat' dir='ltr'>sunt</span> <span class='ocrx_word' id='word_1_224' title='bbox 654 2847 804 2923; x_wconf 90' lang='lat' dir='ltr'>opiniones</span> <span class='ocrx_word' id='word_1_225' title='bbox 817 2846 884 2913; x_wconf 88' lang='lat' dir='ltr'>illae,</span> <span class='ocrx_word' id='word_1_226' title='bbox 896 2864 961 2918; x_wconf 83' lang='lat' dir='ltr'>quae</span> <span class='ocrx_word' id='word_1_227' title='bbox 973 2846 1040 2902; x_wconf 90' lang='lat' dir='ltr'>licet</span> <span class='ocrx_word' id='word_1_228' title='bbox 1050 2863 1151 2920; x_wconf 89' lang='lat' dir='ltr'>specu·</span> 
     </span>
     <span class='ocr_line' id='line_1_26' title="bbox 56 2944 1150 3025; baseline -0.005 -20"><span class='ocrx_word' id='word_1_229' title='bbox 56 2948 144 3005; x_wconf 88' lang='lat' dir='ltr'>lative</span> <span class='ocrx_word' id='word_1_230' title='bbox 158 2947 307 3007; x_wconf 87' lang='lat' dir='ltr'>videantur</span> <span class='ocrx_word' id='word_1_231' title='bbox 320 2946 489 3025; x_wconf 86' lang='lat' dir='ltr'>probabiles,</span> <span class='ocrx_word' id='word_1_232' title='bbox 510 2956 604 3004; x_wconf 91' lang='lat' dir='ltr'>tamen</span> <span class='ocrx_word' id='word_1_233' title='bbox 625 2949 655 3004; x_wconf 93' lang='lat' dir='ltr'>in</span> <span class='ocrx_word' id='word_1_234' title='bbox 676 2946 758 3022; x_wconf 87' lang='lat' dir='ltr'>praxi</span> <span class='ocrx_word' id='word_1_235' title='bbox 778 2953 846 3003; x_wconf 89' lang='lat' dir='ltr'>sunt</span> <span class='ocrx_word' id='word_1_236' title='bbox 867 2944 949 3002; x_wconf 86' lang='lat' dir='ltr'>valde</span> <span class='ocrx_word' id='word_1_237' title='bbox 969 2944 1150 3020; x_wconf 73' lang='lat' dir='ltr'>periculosa,</span> 
     </span>
     <span class='ocr_line' id='line_1_27' title="bbox 57 3042 1149 3122; baseline -0.003 -20"><span class='ocrx_word' id='word_1_238' title='bbox 57 3048 132 3104; x_wconf 87' lang='lat' dir='ltr'>sicut</span> <span class='ocrx_word' id='word_1_239' title='bbox 154 3047 184 3104; x_wconf 93' lang='lat' dir='ltr'>in</span> <span class='ocrx_word' id='word_1_240' title='bbox 206 3047 324 3105; x_wconf 90' lang='lat' dir='ltr'>materia</span> <span class='ocrx_word' id='word_1_241' title='bbox 343 3046 418 3104; x_wconf 88' lang='lat' dir='ltr'>sexti</span> <span class='ocrx_word' id='word_1_242' title='bbox 431 3048 564 3122; x_wconf 77' lang='lat' dir='ltr'>praecepti</span> <span class='ocrx_word' id='word_1_243' title='bbox 586 3056 652 3104; x_wconf 89' lang='lat' dir='ltr'>sunt</span> <span class='ocrx_word' id='word_1_244' title='bbox 672 3045 824 3121; x_wconf 89' lang='lat' dir='ltr'>opiniones</span> <span class='ocrx_word' id='word_1_245' title='bbox 845 3045 947 3117; x_wconf 83' lang='lat' dir='ltr'>aliquae</span> <span class='ocrx_word' id='word_1_246' title='bbox 967 3042 1003 3100; x_wconf 91' lang='lat' dir='ltr'>de</span> <span class='ocrx_word' id='word_1_247' title='bbox 1018 3043 1149 3107; x_wconf 89' lang='lat' dir='ltr'>tactibus,</span> 
     </span>
     <span class='ocr_line' id='line_1_28' title="bbox 57 3142 1153 3220; baseline -0.005 -17"><span class='ocrx_word' id='word_1_248' title='bbox 57 3145 178 3213; x_wconf 88' lang='lat' dir='ltr'>osculis,</span> <span class='ocrx_word' id='word_1_249' title='bbox 192 3145 315 3214; x_wconf 87' lang='lat' dir='ltr'>choreis,</span> <span class='ocrx_word' id='word_1_250' title='bbox 339 3144 500 3213; x_wconf 89' lang='lat' dir='ltr'>comoediis,</span> <span class='ocrx_word' id='word_1_251' title='bbox 521 3146 557 3203; x_wconf 90' lang='lat' dir='ltr'>de</span> <span class='ocrx_word' id='word_1_252' title='bbox 576 3143 765 3220; x_wconf 87' lang='lat' dir='ltr'>reprimendis</span> <span class='ocrx_word' id='word_1_253' title='bbox 786 3144 908 3201; x_wconf 90' lang='lat' dir='ltr'>motibus</span> <span class='ocrx_word' id='word_1_254' title='bbox 922 3142 1109 3208; x_wconf 89' lang='lat' dir='ltr'>sensualibus,</span> <span class='ocrx_word' id='word_1_255' title='bbox 1124 3150 1153 3198; x_wconf 88' lang='lat' dir='ltr'>et</span> 
     </span>
     <span class='ocr_line' id='line_1_29' title="bbox 58 3240 1151 3319; baseline -0.005 -18"><span class='ocrx_word' id='word_1_256' title='bbox 58 3245 222 3313; x_wconf 88' lang='lat' dir='ltr'>similibus;</span> <span class='ocrx_word' id='word_1_257' title='bbox 244 3247 313 3303; x_wconf 88' lang='lat' dir='ltr'>item</span> <span class='ocrx_word' id='word_1_258' title='bbox 339 3245 368 3302; x_wconf 92' lang='lat' dir='ltr'>in</span> <span class='ocrx_word' id='word_1_259' title='bbox 388 3245 506 3301; x_wconf 89' lang='lat' dir='ltr'>materia</span> <span class='ocrx_word' id='word_1_260' title='bbox 524 3245 666 3311; x_wconf 88' lang='lat' dir='ltr'>simoniae,</span> <span class='ocrx_word' id='word_1_261' title='bbox 689 3253 717 3300; x_wconf 89' lang='lat' dir='ltr'>et</span> <span class='ocrx_word' id='word_1_262' title='bbox 736 3260 839 3310; x_wconf 81' lang='lat' dir='ltr'>usurae,</span> <span class='ocrx_word' id='word_1_263' title='bbox 859 3243 909 3300; x_wconf 93' lang='lat' dir='ltr'>ubi</span> <span class='ocrx_word' id='word_1_264' title='bbox 923 3243 1006 3319; x_wconf 91' lang='lat' dir='ltr'>plura</span> <span class='ocrx_word' id='word_1_265' title='bbox 1018 3240 1151 3299; x_wconf 88' lang='lat' dir='ltr'>videntur</span> 
     </span>
     <span class='ocr_line' id='line_1_30' title="bbox 58 3341 1151 3419; baseline -0.004 -17"><span class='ocrx_word' id='word_1_266' title='bbox 58 3344 191 3402; x_wconf 84' lang='lat' dir='ltr'>excusari</span> <span class='ocrx_word' id='word_1_267' title='bbox 213 3346 321 3403; x_wconf 90' lang='lat' dir='ltr'>ratione</span> <span class='ocrx_word' id='word_1_268' title='bbox 334 3343 459 3408; x_wconf 86' lang='lat' dir='ltr'>liberalis</span> <span class='ocrx_word' id='word_1_269' title='bbox 474 3343 665 3419; x_wconf 90' lang='lat' dir='ltr'>gratitudinis,</span> <span class='ocrx_word' id='word_1_270' title='bbox 686 3343 782 3401; x_wconf 90' lang='lat' dir='ltr'>sedin</span> <span class='ocrx_word' id='word_1_271' title='bbox 796 3343 878 3418; x_wconf 84' lang='lat' dir='ltr'>praxi</span> <span class='ocrx_word' id='word_1_272' title='bbox 891 3360 1026 3419; x_wconf 89' lang='lat' dir='ltr'>magnum</span> <span class='ocrx_word' id='word_1_273' title='bbox 1040 3341 1151 3418; x_wconf 89' lang='lat' dir='ltr'>pericu·</span> 
     </span>
     <span class='ocr_line' id='line_1_31' title="bbox 58 3439 1152 3519; baseline -0.004 -18"><span class='ocrx_word' id='word_1_274' title='bbox 58 3444 116 3502; x_wconf 92' lang='lat' dir='ltr'>lum</span> <span class='ocrx_word' id='word_1_275' title='bbox 133 3443 302 3512; x_wconf 81' lang='lat' dir='ltr'>involvunt3</span> <span class='ocrx_word' id='word_1_276' title='bbox 323 3444 391 3501; x_wconf 90' lang='lat' dir='ltr'>item</span> <span class='ocrx_word' id='word_1_277' title='bbox 405 3442 519 3515; x_wconf 89' lang='lat' dir='ltr'>quando</span> <span class='ocrx_word' id='word_1_278' title='bbox 534 3444 625 3519; x_wconf 89' lang='lat' dir='ltr'>agitur</span> <span class='ocrx_word' id='word_1_279' title='bbox 645 3442 680 3501; x_wconf 89' lang='lat' dir='ltr'>de</span> <span class='ocrx_word' id='word_1_280' title='bbox 701 3443 936 3518; x_wconf 89' lang='lat' dir='ltr'>compensatione</span> <span class='ocrx_word' id='word_1_281' title='bbox 951 3441 1090 3508; x_wconf 83' lang='lat' dir='ltr'>facienda,</span> <span class='ocrx_word' id='word_1_282' title='bbox 1106 3439 1152 3497; x_wconf 93' lang='lat' dir='ltr'>vel</span> 
     </span>
     <span class='ocr_line' id='line_1_32' title="bbox 60 3541 1151 3618; baseline -0.001 -19"><span class='ocrx_word' id='word_1_283' title='bbox 60 3542 94 3600; x_wconf 90' lang='lat' dir='ltr'>de</span> <span class='ocrx_word' id='word_1_284' title='bbox 108 3542 290 3602; x_wconf 88' lang='lat' dir='ltr'>accusatione</span> <span class='ocrx_word' id='word_1_285' title='bbox 304 3541 504 3618; x_wconf 86' lang='lat' dir='ltr'>prosequenda</span> <span class='ocrx_word' id='word_1_286' title='bbox 523 3552 621 3601; x_wconf 90' lang='lat' dir='ltr'>contra</span> <span class='ocrx_word' id='word_1_287' title='bbox 634 3543 805 3611; x_wconf 87' lang='lat' dir='ltr'>offensores,</span> <span class='ocrx_word' id='word_1_288' title='bbox 826 3543 874 3601; x_wconf 93' lang='lat' dir='ltr'>ubi</span> <span class='ocrx_word' id='word_1_289' title='bbox 889 3542 972 3601; x_wconf 87' lang='lat' dir='ltr'>facile</span> <span class='ocrx_word' id='word_1_290' title='bbox 984 3551 1029 3600; x_wconf 89' lang='lat' dir='ltr'>est</span> <span class='ocrx_word' id='word_1_291' title='bbox 1042 3541 1151 3618; x_wconf 87' lang='lat' dir='ltr'>pericu·</span> 
     </span>
     <span class='ocr_line' id='line_1_33' title="bbox 61 3634 535 3720; baseline 0.002 -22"><span class='ocrx_word' id='word_1_292' title='bbox 61 3640 118 3700; x_wconf 91' lang='lat' dir='ltr'>lum</span> <span class='ocrx_word' id='word_1_293' title='bbox 132 3642 279 3720; x_wconf 82' lang='lat' dir='ltr'>injustitiae</span> <span class='ocrx_word' id='word_1_294' title='bbox 293 3652 341 3700; x_wconf 88' lang='lat' dir='ltr'>aut</span> <span class='ocrx_word' id='word_1_295' title='bbox 352 3634 535 3700; x_wconf 52' lang='lat' dir='ltr'>vindictam</span> 
     </span>
    </p>
   </div>
   <div class='ocr_carea' id='block_1_4' title="bbox 311 3876 902 3951">
    <p class='ocr_par' dir='ltr' id='par_1_5' title="bbox 311 3876 902 3951">
     <span class='ocr_line' id='line_1_34' title="bbox 311 3876 902 3951; baseline -0.007 -19"><span class='ocrx_word' id='word_1_296' title='bbox 311 3877 335 3951; x_wconf 91' lang='lat'>§.</span> <span class='ocrx_word' id='word_1_297' title='bbox 357 3877 396 3935; x_wconf 89' lang='lat' dir='ltr'>V.</span> <span class='ocrx_word' id='word_1_298' title='bbox 438 3876 486 3934; x_wconf 83' lang='lat' dir='ltr'>Du</span> <span class='ocrx_word' id='word_1_299' title='bbox 507 3893 673 3934; x_wconf 74' lang='lat' dir='ltr'>canonicus</span> <span class='ocrx_word' id='word_1_300' title='bbox 692 3890 902 3932; x_wconf 82' lang='lat' dir='ltr'>connronunrs.</span> 
     </span>
    </p>
   </div>
   <div class='ocr_carea' id='block_1_5' title="bbox 67 4036 1153 4220">
    <p class='ocr_par' dir='ltr' id='par_1_6' title="bbox 67 4036 1153 4220">
     <span class='ocr_line' id='line_1_35' title="bbox 101 4036 1153 4108; baseline -0.01 -6"><span class='ocrx_word' id='word_1_301' title='bbox 101 4049 171 4104; x_wconf 82' lang='lat'><strong>228.</strong></span> <span class='ocrx_word' id='word_1_302' title='bbox 193 4045 228 4102; x_wconf 85' lang='lat' dir='ltr'>Si</span> <span class='ocrx_word' id='word_1_303' title='bbox 239 4045 270 4103; x_wconf 89' lang='lat' dir='ltr'>in</span> <span class='ocrx_word' id='word_1_304' title='bbox 281 4063 334 4104; x_wconf 84' lang='lat' dir='ltr'>suo</span> <span class='ocrx_word' id='word_1_305' title='bbox 347 4044 478 4104; x_wconf 90' lang='lat' dir='ltr'>obeundo</span> <span class='ocrx_word' id='word_1_306' title='bbox 490 4062 608 4103; x_wconf 89' lang='lat' dir='ltr'>munere</span> <span class='ocrx_word' id='word_1_307' title='bbox 622 4041 755 4101; x_wconf 88' lang='lat' dir='ltr'>erraverit</span> <span class='ocrx_word' id='word_1_308' title='bbox 773 4038 963 4098; x_wconf 85' lang='lat' dir='ltr'>confessarius</span> <span class='ocrx_word' id='word_1_309' title='bbox 981 4036 1086 4108; x_wconf 83' lang='lat' dir='ltr'>absque</span> <span class='ocrx_word' id='word_1_310' title='bbox 1100 4053 1153 4093; x_wconf 84' lang='lat' dir='ltr'>sua</span> 
     </span>
     <span class='ocr_line' id='line_1_36' title="bbox 67 4134 1152 4220; baseline -0.007 -21"><span class='ocrx_word' id='word_1_311' title='bbox 67 4142 155 4220; x_wconf 83' lang='lat' dir='ltr'>eulpa,</span> <span class='ocrx_word' id='word_1_312' title='bbox 180 4145 257 4203; x_wconf 87' lang='lat' dir='ltr'>circa</span> <span class='ocrx_word' id='word_1_313' title='bbox 281 4145 407 4204; x_wconf 88' lang='lat' dir='ltr'>valorem</span> <span class='ocrx_word' id='word_1_314' title='bbox 433 4143 615 4211; x_wconf 86' lang='lat' dir='ltr'>sacramenti,</span> <span class='ocrx_word' id='word_1_315' title='bbox 641 4158 766 4200; x_wconf 89' lang='lat' dir='ltr'>errorem</span> <span class='ocrx_word' id='word_1_316' title='bbox 786 4139 927 4214; x_wconf 86' lang='lat' dir='ltr'>corrigere</span> <span class='ocrx_word' id='word_1_317' title='bbox 953 4135 1052 4194; x_wconf 88' lang='lat' dir='ltr'>debet:</span> <span class='ocrx_word' id='word_1_318' title='bbox 1085 4134 1152 4208; x_wconf 88' lang='lat' dir='ltr'>quia</span> 
     </span>
    </p>
   </div>
   <div class='ocr_carea' id='block_1_6' title="bbox 231 4337 983 4411">
    <p class='ocr_par' dir='ltr' id='par_1_7' title="bbox 231 4337 983 4411">
     <span class='ocr_line' id='line_1_37' title="bbox 231 4337 983 4411; baseline -0.005 -19"><span class='ocrx_word' id='word_1_319' title='bbox 231 4345 275 4411; x_wconf 87' lang='lat' dir='ltr'>(l)</span> <span class='ocrx_word' id='word_1_320' title='bbox 295 4341 325 4394; x_wconf 85' lang='lat' dir='ltr'>L.</span> <span class='ocrx_word' id='word_1_321' title='bbox 338 4344 369 4397; x_wconf 81' lang='lat' dir='ltr'>vi.</span> <span class='ocrx_word' id='word_1_322' title='bbox 379 4361 405 4396; x_wconf 83' lang='lat' dir='ltr'>n.</span> <span class='ocrx_word' id='word_1_323' title='bbox 415 4347 472 4395; x_wconf 82' lang='lat'><strong>604.</strong></span> <span class='ocrx_word' id='word_1_324' title='bbox 716 4343 758 4408; x_wconf 87' lang='grc'>(2)</span> <span class='ocrx_word' id='word_1_325' title='bbox 778 4337 878 4397; x_wconf 85' lang='lat' dir='ltr'>ibidem,</span> <span class='ocrx_word' id='word_1_326' title='bbox 888 4353 914 4387; x_wconf 84' lang='lat' dir='ltr'>n.</span> <span class='ocrx_word' id='word_1_327' title='bbox 926 4339 983 4388; x_wconf 83' lang='lat'><strong>605.</strong></span> 
     </span>
    </p>
   </div>
   <div class='ocr_carea' id='block_1_7' title="bbox 0 0 1328 4860">
    <p class='ocr_par' dir='ltr' id='par_1_8' title="bbox 0 0 1328 4860">
     <span class='ocr_line' id='line_1_38' title="bbox 0 0 1328 4860; baseline 0 0"><span class='ocrx_word' id='word_1_328' title='bbox 0 0 1328 4860; x_wconf 95' lang='lat' dir='ltr'> </span> 
     </span>
    </p>
   </div>
  </div>
 </body>
</html>
