2640 4860
109 386 167 442 186
435 378 492 438 DE
514 377 863 442 snursrac'rlonu.

109 547 213 609 Merito
223 547 308 624 igitur
316 543 461 604 damnavit
469 545 632 605 Alexander
641 546 710 605 Vll.
721 546 947 624 propositionem
962 544 1057 603 hanc:
1073 545 1177 604 “Poni-

109 659 172 706 tens
185 646 300 722 propria
312 647 474 703 auctoritate
488 645 658 704 substituere
672 647 728 704 sibi
741 645 827 703 alium
845 654 949 722 potest,
964 645 1015 717 qui
1027 644 1094 704 loco
1106 645 1180 721 ipsius

109 745 304 823 paenitentiam
331 742 518 821 adimpleat.”
560 744 618 811 Qui
643 746 739 822 legere
760 745 869 815 nequit,
890 743 1046 816 aliquando
1069 752 1144 807 curat
1159 750 1181 799 nt

109 845 180 904 alter
192 845 219 901 ei
232 843 315 920 legat,
331 843 377 903 vel
396 861 453 903 una
465 843 562 903 recitet
575 862 673 919 preces
687 844 865 920 praescriptas
877 861 885 910 ;
906 843 958 901 scd
972 844 1036 920 ipse
1057 853 1148 902 mente
1162 849 1183 898 et

110 961 180 1001 voce
200 943 401 1020 conjungitur:
429 943 475 1000 cui
500 942 684 1019 eleemosyna
706 942 835 1019 injuncta
855 951 898 999 est
918 942 1079 1010 tribuenda,
1093 943 1118 1000 si
1138 958 1184 999 nou

110 1044 214 1101 habeat
226 1042 387 1118 pecuniam,
402 1041 470 1100 facit
489 1050 520 1099 ut
533 1040 602 1099 alter
615 1060 669 1100 suo
682 1043 798 1101 nomino
818 1039 883 1101 det:
897 1040 962 1117 ipse
982 1051 1077 1099 autem
1098 1041 1185 1100 merito

111 1154 243 1200 censetur
253 1159 304 1218 per
317 1141 397 1199 illurn
411 1140 489 1199 dare.

153 1244 220 1299 1111.
242 1241 273 1298 N
275 1259 313 1299 on
326 1248 436 1299 constat
449 1238 598 1299 Christum
608 1241 732 1318 jussisse
745 1250 777 1298 ut
788 1239 944 1298 satisfactio
961 1241 1077 1316 praeiret
1089 1239 1188 1298 absolu·

111 1341 197 1401 tioui:
213 1339 264 1397 sed
277 1339 371 1417 potius
394 1358 432 1399 ex
449 1347 563 1415 recepta
576 1340 716 1398 Ecclesiae
737 1339 898 1416 disciplina,
912 1339 1004 1410 liquet
1016 1339 1128 1399 veniam
1147 1340 1188 1396 rite

110 1439 261 1516 indulgeri,
275 1439 411 1515 imposito
425 1447 532 1497 taumm
555 1457 641 1497 onere
655 1438 858 1497 satisfaciendi.
899 1437 950 1495 Ex
970 1438 1011 1496 rei
1024 1449 1125 1497 natura
1137 1456 1190 1515 pro·

112 1540 174 1598 bari
188 1539 287 1610 nequit
300 1539 479 1614 poenitentem
495 1536 568 1596 solvi
581 1556 640 1597 non
655 1557 740 1615 posse
762 1546 942 1615 peccatorum
963 1537 1098 1605 vinculis,
1112 1537 1193 1596 donec

113 1638 245 1696 diuturna
265 1637 455 1696 satisfactione
476 1637 577 1696 eluerit
596 1637 705 1714 culpas,
728 1656 816 1710 quum
840 1636 933 1713 magis
961 1638 1117 1695 conveniat
1137 1636 1193 1694 Deo

113 1736 333 1796 misericorditer
353 1738 500 1814 ignoscere
521 1738 679 1813 poenitenti,
694 1737 743 1809 qui
762 1737 909 1812 deinceps,
924 1735 1129 1794 satisfaciendo
1151 1754 1195 1812 pro

113 1837 232 1903 viribus,
247 1836 335 1895 animi
348 1835 470 1894 dolentis
484 1837 601 1895 exhibet
613 1835 758 1894 indiciaet
771 1844 947 1913 argumenta,
962 1834 1129 1907 fructusque
1144 1834 1196 1911 dig·

47 1999 54 2013 ,
112 1954 166 1996 uos
189 1935 362 2013 poeniteutiae
388 1934 464 1994 facit.
506 1935 652 2009 Equidem
679 1945 759 1993 vetus
785 1936 838 1994 fuit
857 1933 1011 2011 disciplina
1038 1945 1197 2010 peccatores

112 2036 244 2112 publicos
258 2033 306 2094 diu
322 2035 351 2092 in
373 2034 464 2093 stadio
484 2035 657 2110 poenitentiae
670 2033 805 2102 detinere,
819 2034 1020 2106 laboribusque
1041 2042 1070 2090 et
1090 2033 1199 2091 afflicta·

117 2135 241 2193 tionibus
255 2133 383 2210 corporis
403 2151 548 2200 exercere,
563 2143 714 2207 antequam
729 2134 764 2193 ad
788 2141 996 2193 sacramentum
1011 2132 1200 2192 Eucharistiae

115 2231 299 2290 accederent:
321 2231 371 2289 sed
397 2232 465 2289 licet
483 2249 601 2309 magnas
622 2233 752 2292 habuerit
770 2233 903 2291 utilitates
926 2232 975 2291 illa
1001 2234 1151 2300 severitas,
1165 2231 1202 2290 nil

114 2329 214 2388 suadet
226 2347 288 2388 eam
303 2349 319 2387 e
333 2329 428 2388 divino
439 2331 504 2408 jure
518 2331 684 2408 profectam,
699 2331 769 2390 adeo
783 2341 814 2389 ut
832 2351 946 2409 semper
958 2332 1095 2390 obtineat.
1126 2332 1200 2390 Hinc

117 2428 274 2489 Pontifices
283 2429 387 2504 sapius
397 2428 567 2489 damuamnt
579 2449 677 2489 eorum
687 2432 865 2501 assertiones,
877 2432 936 2505 qui,
946 2418 1057 2489 veteres
1068 2431 1200 2490 3133133-

115 2539 156 2586 tes
170 2547 277 2598 mores,
286 2548 389 2587 novam
402 2528 559 2606 disciplinae
573 2533 710 2592 rationem
718 2532 888 2607 improbant.
911 2531 1010 2589 Sixtus
1019 2530 1074 2589 IV.
1090 2530 1202 2588 damna-

116 2630 158 2687 vit
175 2630 249 2687 hanc
263 2628 340 2688 Petri
353 2628 389 2687 de
410 2628 501 2688 Osma
521 2631 762 2707 propositionem:
785 2632 884 2690 “Non
906 2639 1019 2705 peracta
1039 2630 1203 2707 poenitentia

116 2728 284 2789 confitentes
300 2729 407 2788 absolvi
421 2749 480 2788 non
502 2729 636 2788 debere.”
679 2728 841 2788 Alexander
856 2727 939 2788 VIII.
960 2729 1058 2805 plures
1074 2729 1202 2806 ejusdem

115 2830 221 2887 tenoris
235 2823 401 2886 (1311133111.ι
435 2828 578 2888 Ceterum
589 2830 630 2888 nil
644 2839 718 2886 vetat
731 2837 762 2884 ut
771 2829 959 2887 confessarius
969 2829 1069 2905 jubeat
1079 2829 1202 2902 aliquan·

115 2927 152 2986 do
167 2928 371 3004 peonitentiam,
385 2930 446 2988 sive
460 2947 573 2987 omnem
587 2929 648 2986 sive
660 2928 773 3004 partim,
788 2928 972 3004 impleriaute
985 2929 1202 2993 absolutionem,

117 3028 230 3100 quaudo
242 3029 279 3086 113
292 3027 428 3103 expedire
438 3027 549 3106 judicet
558 3021 583 3086 :2
597 3026 751 3086 dummodo
765 3046 821 3086 non
835 3028 949 3085 affectet
961 3037 1087 3085 veterem
1102 3026 1204 3085 severi-

115 3136 201 3185 tatem
215 3147 279 3185 cum
293 3129 440 3201 presentis
454 3127 611 3204 disciplinas
625 3127 804 3195 detrimento,
819 3127 864 3184 vel
878 3127 989 3204 injuria.
1032 3126 1204 3200 Plerumque

117 3242 180 3282 vere
197 3225 345 3302 poenitenti
366 3227 460 3283 statim
473 3227 680 3302 ignoscendum
694 3235 746 3292 est,
762 3227 849 3301 patris
869 3226 959 3284 filium
980 3226 1135 3302 prodigum
1149 3244 1207 3283 am·

115 3323 265 3398 plectentia
284 3323 388 3380 instar:
405 3342 461 3395 qua
474 3326 582 3384 ratione
596 3325 751 3384 infirmitati
765 3324 897 3383 humanae
911 3327 1095 3392 succurritur,
1110 3325 1204 3383 divino

113 3423 238 3496 praestito
252 3421 348 3498 gratiae
363 3421 507 3480 subsidio:
524 3434 697 3502 quapropter
705 3425 753 3498 qui
761 3422 796 3482 de
809 3425 921 3482 sincero
931 3423 1093 3499 poenitentis
1109 3425 1202 3482 animo

113 3519 186 3580 nihil
205 3519 374 3588 dubitantes,
389 3522 598 3583 absolutionem
612 3524 756 3590 differunt,
771 3534 900 3582 verentes
914 3541 951 3581 ne
971 3523 1043 3581 forte
1064 3524 1161 3597 aliqua
1174 3523 1202 3580 in

111 3620 188 3679 bono
199 3620 346 3698 proposito
357 3639 413 3679 uon
422 3633 614 3698 perseverent,
624 3635 652 3682 31
664 3622 862 3681 satisfactionis
870 3641 956 3699 opera
967 3623 1046 3698 prius
1057 3621 1201 3700 implenda

114 3722 275 3797 cupientes,
290 3739 347 3782 non
360 3739 393 3778 ea
414 3740 470 3794 qua
483 3743 534 3800 par
546 3732 589 3782 eet
608 3722 784 3800 indulgentia
803 3722 999 3799 peccatoribus
1021 3724 1202 3786 subveniunt,

113 3839 167 3879 nec
181 3822 288 3899 peritos
302 3839 333 3878 se
348 3819 484 3880 exhibent
497 3824 654 3881 animarum
669 3822 807 3880 medicos.

155 3924 222 3980 120.
245 3920 341 3979 Verba
361 3920 409 3979 illa
423 3920 624 3980 absolutionis:
648 3921 826 3993 “Quicquid
846 3921 913 3978 boni
937 3920 1052 3989 feceris,
1070 3921 1117 3979 vel
1140 3918 1201 3979 mali

112 4020 253 4100 patienter
264 4021 441 4087 sustinueris,
452 4021 488 4081 sit
502 4021 549 4082 tibi
564 4021 804 4079 inremissionem
815 4029 1009 4096 peccatorum,
1021 4029 1202 4097 angmentum

348 4241 390 4304 (l)
414 4239 474 4289 Vide
485 4255 553 4304 prop.
564 4241 613 4290 xvi.
626 4241 684 4290 xvii.
696 4240 763 4290 xviii.
776 4240 839 4288 inter
850 4239 985 4288 damnatas.

342 4324 383 4387 (2)
408 4322 467 4372 Vide
479 4324 575 4386 Delugo
587 4324 649 4388 disp.
662 4325 712 4374 xiv.
726 4329 749 4384 ς.
761 4340 785 4376 ι.
