2640 4860
176 382 235 438 202
407 373 465 435 DE
486 372 662 435 CASUUM
684 372 1027 441 RESERVATIONE.

218 545 285 600 162.
307 540 461 614 lnquirunt
472 540 609 618 theologi,
622 551 718 601 ntrnrn
737 540 834 614 aliquo
847 542 877 599 in
889 559 986 600 rerum
995 539 1178 610 discrimine,
1192 551 1271 625 entra¹

176 641 277 700 mortis
291 641 461 718 periculum,
475 641 568 717 possit
581 640 721 699 absolutio
744 659 761 697 a
782 640 934 699 reservatis
954 640 990 697 ab
1008 639 1058 699 illo
1077 638 1202 698 concedi
1224 643 1271 714 qni

176 757 236 798 non
256 739 341 797 habet
359 740 554 798 auctoritatem
573 739 604 797 in
629 750 780 800 reservata.
823 739 1002 817 Negantibus
1022 739 1121 797 favent
1145 740 1271 798 maxime

179 839 265 897 verba
278 838 514 897 Tridentinorum
528 848 657 916 patrum:
681 846 792 896 “extra
814 857 900 911 quern
922 838 1073 896 articulum
1094 837 1268 907 secerdotes,

177 956 243 996 cum
258 938 329 995 nihil
343 937 454 1013 possint
473 939 503 996 in
521 937 634 995 casibus
657 938 819 1006 reservatis,
840 936 869 996 id
888 955 977 996 unum
990 937 1196 1014 poenitentibus
1209 956 1271 1014 per·

177 1036 297 1095 suadere
310 1037 444 1105 nitantur,
458 1047 490 1095 ut
502 1036 538 1094 ad
551 1037 731 1113 Superiores,
742 1046 770 1094 et
781 1037 926 1114 legitimos
936 1035 1050 1112 judices
1060 1054 1115 1113 pro
1128 1036 1271 1095 beneficio

176 1136 366 1195 absolutionis
380 1129 561 1194 accedant.”¹
601 1138 736 1195 Attamen
750 1135 865 1211 plurimi
878 1143 997 1194 censent
1010 1136 1098 1194 verba
1111 1135 1175 1194 hoec
1187 1135 1268 1194 intel·

176 1234 292 1312 ligenda
304 1235 340 1293 de
353 1233 496 1293 ordinaria
514 1244 543 1292 et
562 1234 667 1295 directa
680 1234 846 1293 absolvendi
859 1243 1017 1311 potestate;
1039 1232 1093 1292 sed
1114 1235 1146 1294 in
1166 1235 1271 1311 gravis·

177 1335 251 1392 sima
265 1335 444 1400 necessitate,
455 1336 481 1392 si
495 1343 609 1411 urgeat:
632 1355 667 1392 v:
682 1353 718 1411 g:
740 1335 896 1392 necessitas
909 1332 1082 1400 celebrandi,
1097 1341 1126 1391 et
1138 1331 1271 1393 sacerdos

177 1451 235 1493 non
248 1433 332 1502 adsit,
357 1435 407 1507 qui
420 1433 624 1492 celebraturum
646 1455 663 1492 a
682 1443 801 1510 peccato
824 1427 967 1492 'reservato
990 1432 1154 1491 facultatem
1174 1431 1275 1491 habeat

177 1532 361 1600 absolvendi,
367 1541 468 1608 putant
479 1532 565 1590 licere
579 1534 789 1592 absolutionem
803 1532 941 1609 impertiri
955 1531 1067 1591 directe
1079 1551 1097 1589 a
1109 1549 1169 1590 non
1182 1549 1273 1590 reser-

177 1631 259 1698 vatis,
274 1631 417 1690 indirecte
431 1651 447 1688 a
459 1633 620 1701 reservatis,
634 1650 720 1692 onere
731 1641 825 1690 tamen
839 1632 938 1690 relicto
948 1630 1074 1690 adeundi
1083 1631 1273 1707 superiorem.

178 1728 330 1795 “Quando
352 1730 458 1808 igitur’'
485 1731 578 1803 inquit
603 1732 635 1790 S.
657 1731 837 1808 Alphonsus,
864 1729 944 1788 adest
967 1729 1220 1807 impedimentum,
1248 1740 1275 1789 st

176 1839 259 1904 urget
281 1831 375 1906 gravis
398 1848 484 1888 causa
506 1830 669 1898 confitendi,
691 1830 784 1904 quivis
807 1828 999 1888 confessarius
1019 1838 1118 1907 potest
1137 1828 1274 1888 indirecte

177 1928 325 1987 absolvers
349 1949 365 1987 a
387 1929 498 1987 casibus
518 1932 670 1989 reservatis
691 1931 726 1988 ab
749 1931 897 2007 episcopo,
920 1938 949 1987 et
961 1929 1047 1988 etiam
1062 1929 1275 1987 areservatisa

177 2026 270 2104 Papa,
291 2030 316 2087 si
338 2029 492 2105 episcopus
515 2047 573 2087 non
594 2030 688 2107 possit
710 2028 853 2088 adiri...
874 2027 916 2086 Et
929 2028 984 2087 hoc
997 2028 1112 2087 etiamsi
1126 2036 1275 2104 peecsmm

176 2125 214 2183 sit
227 2138 400 2185 reservatum
414 2145 480 2185 curn
494 2127 791 2186 excommunicatione
806 2169 814 2186 .
832 2169 839 2186 .
855 2170 863 2186 .
878 2127 1026 2196 Diximus,
1038 2127 1064 2185 si
1078 2125 1153 2213 adsit
1166 2126 1274 2204 grauis

178 2241 282 2292 ennea,
306 2243 412 2301 nempe
431 2225 457 2282 si
469 2234 592 2298 nequeat
613 2226 685 2284 adiri
697 2228 830 2304 superior
848 2227 911 2286 sine
931 2226 1224 2309 scandalosfflt-nota
1236 2227 1276 2285 in·

178 2320 282 2389 sarniae,
297 2324 344 2381 vel
357 2324 419 2380 sine
433 2341 537 2399 magna
556 2322 737 2393 difficultate;
759 2335 828 2402 puta
848 2326 874 2383 si
894 2325 1001 2385 habens
1016 2312 1180 2389 facultatem
1194 2325 1277 2404 longe

178 2418 274 2487 distet,
299 2420 342 2501 (ut
362 2420 461 2479 dicunt
482 2421 647 2499 Laymann‚
669 2423 756 2482 Elbel
777 2433 806 2481 et
824 2421 984 2503 Bonacina)
1006 2433 1036 2483 et
1056 2423 1174 2483 exalia
1200 2433 1277 2500 parte

71 2566 74 2574 .
178 2528 277 2596 urgeat
298 2520 455 2578 necessitas
476 2521 719 2589 communicandi,
741 2521 785 2579 vel
807 2521 945 2599 implendi
968 2529 1146 2599 preceptum
1174 2540 1275 2582 annue

177 2618 377 2687 confessionis,
393 2627 441 2677 aut
453 2637 490 2676 nc
504 2618 553 2677 diu
567 2621 709 2696 poenitens
723 2629 837 2677 mancat
849 2621 879 2679 in
893 2629 1010 2697 peccato
1024 2615 1190 2679 mortali.'’²

222 2722 289 2776 163.
312 2719 344 2775 Si
359 2719 423 2790 quis
437 2719 587 2776 confessus
608 2720 694 2777 fuerit
712 2718 830 2777 habenti
843 2718 1003 2779 facultatem
1026 2739 1043 2776 a
1064 2719 1218 2777 reservatis
1233 2718 1277 2776 ab

180 2817 320 2885 solvendi,
335 2816 386 2874 sed
400 2817 543 2876 oblivione
567 2837 601 2875 ea
622 2818 752 2876 confiteri
772 2819 909 2886 omiserit,
930 2818 1074 2877 dubitatur
1087 2827 1185 2877 utrum
1200 2819 1278 2876 abso-

179 2915 254 2974 lutus
268 2916 416 2975 habendus
437 2917 484 2975 sit.
527 2917 629 2976 Plures
652 2927 758 2994 negant
778 2918 845 2990 quia
864 2926 1012 2994 peccatum
1033 2936 1092 2976 non
1106 2927 1153 2976 est
1167 2916 1278 2995 judicio

180 3016 350 3091 subjectum,
375 3016 425 3088 qui
444 3024 489 3073 est
507 3017 667 3092 precipuus
687 3017 888 3075 reservationis
910 3017 987 3075 finis.
1039 3016 1165 3075 Constat
1185 3026 1276 3074 autem

180 3114 392 3173 confessionem
407 3116 459 3172 rite
473 3116 574 3174 factam
595 3125 722 3192 tempore
745 3115 763 3173 J
766 3116 860 3173 ubilaei
879 3116 1055 3175 confessario
1069 3116 1274 3174 necessariaiu

181 3225 322 3270 reservata
346 3215 484 3273 instructo
510 3223 647 3290 potestate
674 3214 767 3273 valere
787 3214 823 3273 ad
852 3216 1006 3274 tollendam
1038 3216 1272 3282 reservationem,

180 3311 291 3368 etiamsi
305 3323 420 3387 peccata
435 3312 538 3371 fuerint
550 3333 608 3389 prae
623 3314 764 3373 oblivione
779 3314 902 3372 omissa:
923 3333 990 3373 narn
1003 3313 1144 3374 Pontifex
1155 3317 1196 3374 ita
1205 3316 1272 3374 solet

181 3408 328 3485 indulgere
341 3412 376 3467 iis
391 3411 440 3482 qui
452 3411 581 3469 lucrandi
590 3412 699 3488 jubilaei
714 3433 799 3473 causa
812 3415 860 3490 pia
873 3414 1009 3472 exercitia
1021 3415 1213 3491 persolvunt:
1228 3411 1272 3472 sed

181 3526 238 3566 non
254 3509 360 3566 tollitur
372 3510 524 3569 reservatio
538 3511 721 3571 confessione
735 3513 869 3581 invalida,
892 3515 957 3586 quia
977 3512 1097 3572 facultas
1112 3513 1268 3574 conceditur

181 3616 288 3666 tanturn
303 3609 338 3667 ad
351 3608 484 3668 effectum
495 3610 606 3687 jubilaei
626 3611 764 3671 lucrandi.
807 3614 840 3671 Si
860 3613 909 3670 fiat
930 3613 1076 3674 confessio
1089 3615 1168 3673 bona
1180 3611 1234 3670 fide
1244 3611 1266 3668 ei

181 3708 230 3781 qui
243 3717 319 3766 caret
331 3720 469 3786 potestate
492 3709 521 3768 in
543 3722 696 3779 reservata,
717 3713 793 3771 valet
812 3710 927 3786 quidem
946 3713 1099 3782 absolutio,
1115 3712 1168 3772 sed
1182 3718 1268 3771 manet

181 3808 318 3886 obligatio
332 3828 362 3866 se
376 3810 495 3869 sistendi
503 3810 615 3888 judicio
629 3812 797 3887 superioris.

217 3910 284 3965 164.
309 3910 341 3966 Si
355 3911 419 3982 quis
433 3911 582 3969 confessus
594 3911 679 3968 fuerit
689 3912 831 3987 superiori
844 3920 992 3987 peccatum
1003 3919 1192 3984 reservatum,
1201 3907 1265 3967 etsb

181 4023 216 4063 eo
227 4005 311 4064 fuerit
323 4009 479 4083 absolutus,
494 4009 544 4068 sed
558 4010 664 4068 doloris
675 4009 786 4068 defectu
799 4010 921 4068 caruerit
927 4009 990 4087 ejus
1000 4008 1153 4078 beneficio,
1167 4006 1268 4067 videtur

182 4101 325 4175 aliquibus
339 4125 399 4166 non
412 4126 498 4185 posse
512 4109 547 4167 ab
560 4109 616 4167 alio
629 4107 763 4186 deinceps
777 4107 897 4176 absolvi,
918 4126 1007 4181 quum
1020 4107 1179 4186 superioris
1192 4121 1266 4166 mens

255 4306 298 4371 (1)
318 4308 383 4358 ses.
394 4311 507 4376 xiv.csp.
519 4313 559 4361 vu.
571 4313 698 4380 sepone.
846 4314 889 4380 (a)
908 4312 936 4364 s.
947 4313 1201 4378 lipsienses.
