2640 4860
313 405 370 471 DE
391 406 709 473 lMPEDIMENTIS
730 407 1005 475 Marathonii.
1144 417 1204 479 ato
1306 452 1310 459 ·

108 594 186 636 cone
207 575 342 637 haeretico
362 587 505 637 contracta
527 579 557 636 iu
578 580 651 638 locis
664 580 694 638 in
715 581 819 653 quibus
841 580 985 640 decretum
1003 581 1206 644 Tridentinum

112 675 327 753 promulgatum
341 685 395 745 est,
410 697 468 737 non
488 679 599 736 valent:
621 680 772 737 incaeteris
794 680 866 737 locis
885 680 988 738 valent.
1016 681 1049 739 ln
1066 683 1137 741 locis
1158 684 1206 742 ubi

108 773 161 833 lex
175 775 270 833 civilis
284 776 313 833 id
332 777 431 857 exigit,
446 787 618 835 excusantur
639 777 770 836 catholici
789 778 848 855 legi
870 780 1109 855 obtemperantes,
1125 783 1207 840 dum·

112 873 202 932 modo
227 884 322 933 actum
342 894 419 933 mere
440 877 552 934 civilem
572 876 664 933 facere
691 877 746 935 sibi
769 886 938 954 proponant,
952 889 981 936 et
1005 881 1117 956 nuptias
1138 894 1216 939 vere'

114 973 212 1030 ineant
225 992 321 1033 coram
336 973 499 1033 sacerdote:
521 975 694 1051 Intelligere,
709 976 827 1042 scilicet,
839 975 953 1044 debent,
970 979 1079 1055 “juxta
1092 999 1125 1037 ea
1139 999 1204 1053 qure

114 1071 198 1130 tradit
211 1071 385 1130 Benedictus
398 1074 482 1131 XIV.
497 1075 527 1132 in
541 1074 601 1130 suis
611 1074 712 1132 litteris
726 1096 733 1132 :
761 1073 898 1134 Reddite
911 1081 984 1133 sunt
993 1076 1099 1135 nohis:
1114 1078 1149 1136 ad
1169 1079 1205 1137 P.

116 1169 240 1229 Paulum
261 1171 442 1231 Simonema
462 1173 494 1230 S.
515 1173 627 1248 Joseph
652 1173 724 1231 datis
741 1179 780 1233 27
802 1174 979 1250 Septembris
997 1179 1084 1234 1746.
1098 1177 1207 1235 nullum

117 1287 178 1326 ase
192 1270 321 1328 contrahi
334 1273 545 1330 matrimonium
564 1291 616 1348 per
638 1290 703 1330 eum
725 1291 810 1344 quem
835 1292 930 1332 coram
953 1275 1116 1351 magistratu
1140 1276 1208 1334 civi·

113 1367 171 1425 lem
192 1378 285 1427 actum
311 1370 473 1428 emittunt.'’
516 1370 576 1428 Ubi
592 1371 656 1446 lege
680 1372 756 1429 civili
777 1373 928 1448 presentia
947 1374 1135 1450 magistratus,
1161 1375 1206 1432 vel

116 1467 239 1525 ministri
253 1467 378 1526 haretici
392 1487 450 1526 non
470 1470 604 1545 exigitur,
620 1479 739 1544 peccant
751 1471 873 1548 graviter
892 1470 1036 1530 Catholici
1050 1492 1081 1531 se
1102 1485 1207 1533 temere

115 1584 210 1624 coram
234 1567 269 1624 iis
296 1567 428 1625 sistentes
451 1568 689 1645 conjungendos:
717 1588 782 1627 nam
809 1571 916 1628 violant
938 1571 1081 1644 antiquam
1114 1574 1207 1649 legem

115 1663 255 1723 Ecclesiae
269 1685 306 1723 ex
320 1684 399 1724 more
413 1669 554 1725 constanti
577 1668 840 1740 manifestamque
860 1688 955 1727 coram
976 1669 1123 1730 sacerdote
1140 1686 1206 1729 con·

111 1763 193 1840 jugia
208 1763 332 1822 ineunda
345 1767 566 1842 praecipiuntur:
583 1776 754 1824 excusantur
766 1776 859 1824 autem
873 1769 923 1840 qui
938 1787 1033 1827 coram
1043 1771 1206 1847 magistratu

116 1862 295 1931 contrahunt,
321 1872 351 1919 ut
382 1865 493 1939 publice
522 1874 642 1933 constet,
670 1865 907 1938 quandocumque
940 1867 1017 1924 nulla
1050 1877 1093 1925 est
1125 1869 1207 1944 copia

117 1961 281 2029 sacerdotis,
306 1980 359 2019 nec
381 1964 459 2020 brevi
482 1965 573 2022 sutura
592 1973 653 2021 est:
676 1983 732 2022 non
755 1966 822 2022 item
843 1975 1015 2023 excusantur
1040 1968 1090 2039 qui
1110 1984 1206 2025 coram

117 2079 249 2136 praecone
272 2060 405 2119 haeretico
427 2062 604 2130 contrahunt,
618 2082 684 2120 nam
707 2082 794 2135 quum
815 2064 864 2121 lex
890 2082 955 2121 eum
976 2083 1034 2122 non
1056 2066 1208 2123 constituat

117 2159 311 2217 necessarium
325 2169 436 2228 testem,
450 2162 538 2234 liquet
552 2180 618 2219 eum
632 2165 774 2234 tamquam
789 2163 947 2221 ministrum
962 2163 1105 2223 addictum
1119 2165 1206 2222 sacris

118 2258 199 2326 adiri,
222 2257 298 2330 quod
324 2278 470 2332 nunquam
497 2261 557 2318 fieri
585 2262 692 2334 absque
720 2262 832 2320 mortali
857 2273 974 2338 peccato
1006 2264 1146 2341 colligitur
1171 2281 1208 2320 ex

117 2358 233 2416 decreto
248 2357 280 2415 S.
293 2355 388 2435 (long.
411 2359 491 2416 Sacri
506 2359 602 2416 Officii
618 2359 662 2416 die
676 2365 715 2416 29
730 2362 905 2419 Novembris
922 2367 1016 2421 1672:
1038 2364 1207 2440 interrogata

118 2457 195 2514 enim
222 2456 257 2513 de
280 2455 439 2515 Catholicis
466 2458 522 2534 legi
548 2459 808 2534 obtemperantibus
841 2461 1006 2536 respondit:
1041 2471 1206 2534 “quatenus

118 2557 250 2614 minister
270 2557 383 2614 assistat
405 2557 592 2615 matrimoniis
619 2556 833 2624 catholicorum,
847 2559 887 2615 uti
908 2559 1036 2617 minister
1061 2560 1205 2636 politicus,

117 2674 175 2714 non
201 2673 319 2732 peccare
341 2656 555 2714 contrahentes:
577 2657 602 2712 si
627 2675 694 2714 vcro
718 2657 839 2722 assistat,
862 2666 893 2713 ut
925 2658 1054 2715 minister
1080 2657 1206 2716 addictus

117 2755 216 2822 sacris,
231 2773 288 2812 non
310 2755 406 2822 licere,
421 2764 449 2812 et
471 2768 537 2813 tunc
557 2755 753 2814 contrahentes
778 2774 897 2831 peccare
917 2757 1080 2825 mortaliter,
1095 2767 1124 2815 et
1142 2775 1206 2815 esse

118 2852 311 2912 monendos.'’
353 2855 417 2912 Nec
432 2855 625 2912 excusationis
640 2856 704 2914 loco
727 2854 874 2913 habendus
888 2864 931 2913 est
944 2875 1007 2913 mos
1021 2857 1099 2928 quod
1113 2856 1207 2932 puella

117 2953 182 3010 lieet
202 2950 358 3010 acatholica
380 2954 540 3011 ministrum
563 2956 657 3031 eligat,
674 2974 737 3012 nam
759 2955 937 3012 cousuetudo
959 2953 1125 3032 hujusmodi
1148 2973 1206 3013 non

117 3062 211 3129 potest
230 3053 399 3110 sacramenti
420 3053 557 3110 sanctitati
580 3064 608 3110 et
626 3053 683 3129 legi
710 3054 849 3110 Ecclesiae
872 3054 1069 3131 praejudicium
1094 3054 1204 3111 afferre.

115 3152 164 3208 Sic
179 3169 234 3208 nec
246 3151 430 3209 incommoda
443 3170 479 3209 ex
493 3161 642 3228 parentum
657 3163 684 3209 et
695 3153 921 3226 propinquorum
936 3154 1023 3227 partis
1042 3152 1205 3210 acatholicae

117 3250 260 3307 voluntate
275 3251 404 3327 neglecta
417 3252 533 3318 oritura,
548 3251 633 3308 etiarn
648 3251 826 3327 gravissima,
837 3250 963 3309 efficiunt
976 3261 1006 3311 ut
1014 3252 1098 3309 liceat
1110 3251 1205 3310 catho-

115 3349 172 3406 lico
185 3349 227 3406 uti
249 3367 335 3424 opera
348 3351 488 3426 praeconis
510 3350 646 3417 haeretici,
662 3338 727 3407 nam
748 3370 834 3422 quum
859 3369 916 3410 non
930 3351 960 3408 id
986 3351 1061 3429 apud
1081 3371 1133 3410 nos
1147 3370 1207 3410 non

114 3447 162 3504 fiat
181 3466 218 3504 ex
240 3447 314 3524 legis
335 3450 513 3516 necessitate,
535 3449 641 3507 nullam
666 3451 750 3507 aliam
771 3450 819 3508 hio
846 3452 918 3527 gerit
943 3470 1094 3528 personam
1121 3470 1206 3524 quam

115 3546 237 3604 ministri
256 3547 345 3604 sacris
366 3546 479 3616 addicti,
494 3548 543 3621 qui
565 3550 683 3626 agnosci
706 3551 806 3620 nequit
825 3549 860 3607 ad
881 3549 1063 3609 incommoda
1086 3567 1206 3622 quaeque

116 3644 239 3702 vitanda.
282 3645 347 3702 Nec
361 3645 451 3705 labem
467 3648 544 3715 vitat,
560 3648 609 3719 qui
624 3650 837 3705 matrimonium
859 3650 937 3723 prius
951 3647 1091 3705 contrahit
1110 3665 1205 3705 coram

114 3743 272 3812 sacerdote,
294 3753 394 3821 postea
413 3764 508 3803 coram
533 3747 661 3803 ministro
680 3744 823 3810 haeretico,
845 3753 876 3800 ut
901 3763 1014 3820 sponsae
1035 3745 1203 3821 propinquis

116 3843 299 3920 gratificetur,
314 3862 379 3901 nam
393 3844 522 3902 illicitum
536 3852 579 3900 est
592 3843 677 3919 hujus
693 3843 881 3900 ministerium
890 3842 1029 3900 ullatenus
1039 3861 1203 3919 agnoscere.

158 3945 225 3999 198.
248 3941 495 4016 Quandocumque
509 3943 647 4019 contingit
666 3943 778 4016 nuptias
793 3960 887 3999 coram
908 3960 1040 4018 praecoue
1060 3941 1203 4008 haeretico,

115 4040 160 4097 vel
181 4039 347 4117 magistratu
360 4040 437 4109 iniri,
453 4041 531 4099 nullo
545 4042 672 4099 obstante
693 4040 906 4117 impedimento,
921 4041 1060 4117 conjuges
1080 4041 1205 4098 reconci-

115 4138 204 4197 liandi
217 4149 284 4197 sunt
304 4139 431 4198 ecclesiae
455 4142 485 4198 in
506 4139 636 4198 tribunali
657 4140 836 4216 prenitentiae,
851 4139 907 4197 nisi
933 4139 1035 4215 presul
1056 4157 1204 4198 censuram

117 4237 221 4297 delicto
246 4237 377 4296 affixerit.
433 4238 576 4297 Ceterum
608 4240 770 4315 nuptiarum
803 4239 883 4306 ritus,
911 4238 1001 4311 qualis
1034 4239 1062 4295 iu
1097 4238 1204 4297 Rituali

117 4336 317 4412 prescribitur,
344 4355 401 4395 non
428 4347 472 4395 est
500 4337 661 4398 necessarii)
688 4335 882 4416 peragendus:
916 4336 958 4396 nil
983 4345 1077 4395 autem
1103 4338 1203 4406 obstat,
