2640 4860
176 399 236 456 220
524 389 580 450 DE
602 389 913 456 ABSOLUTIONE.

180 563 209 619 in
224 557 300 617 aliud
314 567 426 633 tempus
439 559 592 624 remittere,
613 576 649 615 eo
669 556 746 630 quod
766 558 882 617 nonnisi
907 557 996 615 semel
1018 561 1195 619 accesserint
1207 572 1267 638 post

181 677 272 718 annos
292 656 441 734 plurimos,
466 657 511 714 vel
533 658 657 733 peccatis
679 657 854 733 gravissimis
876 657 980 723 onusti,
1002 656 1135 716 videntur
1147 660 1267 738 prodigi,

180 776 265 831 quem
286 764 364 832 pater
389 756 482 813 statim
504 756 653 832 amplexus
674 764 727 823 est,
748 756 890 823 oblivisci,
912 765 940 813 et
959 757 1070 816 nescire
1098 759 1176 830 quod
1197 759 1270 818 tarda

179 857 328 916 molimina
348 855 457 912 nesciat
477 854 600 931 Spiritus
623 856 720 913 Sancti
740 856 839 931 gratia.
882 855 970 931 Igitur
983 873 1035 931 pro
1049 856 1148 915 indole
1161 867 1190 915 et
1203 858 1270 917 doti·

178 957 232 1014 bus
246 955 410 1032 poenitentis
433 955 516 1012 venia
535 955 628 1012 statim
649 953 790 1031 indulgeri
810 955 913 1030 poterit
924 956 1097 1030 gravissimo
1111 960 1269 1031 peccatori,

179 1055 258 1112 alteri
272 1054 308 1112 de
321 1054 404 1131 cujus
425 1052 523 1110 dolore
545 1052 697 1120 dubitatur,
711 1054 826 1111 nonnisi
848 1062 913 1130 post
932 1062 1064 1130 tempus:
1086 1055 1168 1112 alteri
1188 1058 1270 1114 etiam

179 1155 229 1227 qui
241 1153 340 1212 dolere
353 1171 419 1210 vere
431 1163 573 1219 censetur,
588 1152 740 1225 aliquando
760 1150 857 1209 dilatio
871 1153 959 1210 instar
981 1163 1027 1210 cst
1049 1152 1204 1212 medicinae
1218 1174 1271 1228 qua

177 1255 285 1311 cautior
298 1251 439 1309 reddatur.
482 1251 540 1309 Sed
561 1250 717 1309 cavendum
739 1268 776 1309 ne
800 1253 848 1323 qui
873 1252 968 1309 animo
991 1250 1150 1327 dispositus
1171 1261 1226 1322 est,
1244 1256 1271 1312 in

178 1352 331 1410 discrimen
347 1361 452 1407 temere
466 1351 642 1426 conjiciatur,
658 1351 753 1426 gratioe
767 1348 897 1408 subsidio
917 1369 1028 1418 careus,
1050 1360 1080 1408 et
1099 1369 1160 1410 sum
1174 1353 1276 1429 fragili·

180 1451 245 1509 tatis
260 1450 417 1526 periculum
432 1448 565 1506 facturus.

219 1553 290 1607 205.
312 1550 370 1615 Qui
383 1548 492 1620 absque
505 1546 563 1604 ullo
577 1546 683 1605 doloris
697 1566 784 1605 sensu
806 1566 858 1604 sua
877 1557 996 1624 peccata
1008 1548 1147 1617 referunt,
1162 1548 1234 1607 adeo
1246 1561 1276 1608 ut

183 1649 374 1708 confessarius
388 1645 525 1704 indicium
539 1646 648 1704 nullum
663 1647 750 1717 animi
763 1647 791 1704 in
807 1647 909 1705 melius
922 1647 1022 1704 mutati
1031 1646 1156 1724 detegat,
1171 1667 1276 1721 neque·

182 1758 236 1806 unt
248 1746 374 1805 absolvi:
396 1764 454 1804 nou
475 1746 553 1803 enim
567 1747 624 1804 nisi
637 1746 786 1821 poenitenti
805 1745 889 1803 venia
909 1744 1083 1822 indulgetur.
1128 1746 1276 1806 Gaeterum

181 1865 239 1904 non
254 1847 349 1904 statim
367 1844 555 1923 judicandum
576 1845 701 1917 aliquem
722 1843 798 1902 haud
818 1844 925 1912 dolere,
940 1844 1016 1916 quod
1031 1845 1118 1902 siccis
1133 1846 1238 1913 oculis,
1251 1856 1278 1904 et

182 1944 284 2023 frigide
297 1944 421 2003 admissa
435 1952 554 2012 enarret,
575 1963 641 2002 narn
662 1961 700 2000 cx
723 1942 819 2001 indole
841 1944 979 2020 cujusque
1000 1944 1157 2020 plurimum
1173 1943 1277 2020 pendet

177 2044 284 2104 doloris
298 2044 478 2121 significatio.

386 2260 412 2334 §.
426 2260 465 2315 V.
507 2259 555 2316 Du
577 2277 759 2318 mmucorou
779 2277 1063 2319 nucoucrurarrornr.

215 2429 286 2485 206.
308 2426 366 2491 Qui
385 2424 481 2486 odium
501 2428 602 2485 nolunt
620 2425 773 2503 deponere,
788 2438 935 2500 nequeunt
954 2429 1039 2486 venia
1059 2428 1173 2497 donari,
1189 2449 1274 2488 nam:

181 2528 259 2599 “qui
273 2545 332 2584 non
345 2524 439 2602 diligit
451 2535 547 2584 manet
560 2526 588 2583 in
602 2536 693 2583 morte
704 2521 750 2584 :”¹
769 2527 821 2585 sed
841 2529 891 2599 qui
915 2535 1049 2586 recusant
1071 2529 1217 2596 amicitiae,
1231 2529 1276 2586 vel

181 2626 421 2685 reconciliationis
431 2624 496 2683 dare
507 2626 679 2692 testimonia,
688 2645 746 2684 non
757 2635 822 2683 sunt
832 2627 924 2684 statim
933 2626 1092 2702 rejiciendi.
1128 2626 1275 2700 Equidem

185 2727 234 2800 qui
248 2733 381 2803 praestant
400 2727 573 2792 auctoritate,
587 2744 793 2797 nonnunquam
807 2725 904 2783 durius
918 2745 949 2782 se
962 2726 1069 2783 habere
1089 2727 1196 2784 debent
1209 2744 1277 2803 erga

184 2824 313 2883 subditos
327 2825 377 2897 qui
397 2843 446 2882 eos
460 2825 610 2882 luserunt:
633 2825 682 2896 qui
695 2825 812 2882 aliorum
827 2825 937 2901 experti
957 2835 1024 2882 sunt
1037 2825 1162 2883 nocendi
1183 2825 1277 2884 libidi-

184 2943 261 2991 nem,
282 2943 340 2982 non
366 2935 506 2999 coguntur
532 2942 582 2981 eos
608 2922 776 2981 familiarius
803 2932 936 2981 tractare:
959 2925 1011 2996 qui
1032 2925 1101 3001 jura
1133 2933 1275 3001 repetunt,

185 3033 308 3100 possunt
320 3023 354 3080 ab
375 3023 410 3080 iis
425 3023 565 3082 abstinere
586 3022 716 3080 amicitiae
730 3021 986 3098 significationibus
1000 3024 1103 3095 quibus
1118 3042 1152 3081 ea
1173 3023 1274 3081 cedere

183 3122 355 3181 viderentur.
398 3120 540 3180 Caeterum
555 3122 666 3193 quoties
680 3121 759 3178 nulla
772 3121 865 3178 obstat
876 3122 946 3179 ratio
960 3121 1066 3199 gravis,
1080 3123 1275 3180 reconciliatio

179 3219 330 3292 quaerenda
355 3229 415 3285 est;
436 3239 489 3276 nec
514 3219 596 3278 facile
619 3217 793 3277 credendum
813 3229 857 3276 est
876 3221 1079 3296 poenitentibus
1100 3221 1213 3279 veniam
1240 3230 1268 3278 et

182 3318 336 3375 amicitiam
357 3317 565 3391 profitentibus,
579 3318 629 3389 qui
649 3327 744 3377 tamen
766 3320 800 3375 ab
821 3319 899 3376 omni
920 3320 1103 3378 inimicorum
1131 3321 1272 3378 consortio

181 3414 331 3472 recedunt:
356 3421 375 3448 ‘⁶
387 3414 472 3471 Falsa
481 3416 513 3471 fit
525 3417 722 3490 poeuitentia,‘’
737 3419 831 3488 inquit
850 3418 1004 3476 concilium
1023 3419 1218 3476 Lateranense
1233 3418 1270 3476 ll.

181 3513 236 3569 “si
250 3511 347 3571 odium
361 3513 390 3569 in
411 3511 496 3569 corde
510 3522 643 3588 gestetur,
655 3525 702 3572 aut
723 3518 748 3573 si
762 3514 888 3574 offensor
908 3517 1023 3575 cuilibet
1036 3536 1095 3576 nou
1105 3518 1269 3582 satisfaciat,

179 3621 226 3669 aut
239 3613 264 3669 si
277 3610 433 3670 offendenti
443 3611 569 3671 offensus
583 3631 641 3669 non
654 3611 845 3692 indulgeat.’'²

506 3813 531 3887 §.
546 3812 600 3871 Vl.
642 3813 690 3871 Du
711 3832 942 3873 nnsrrrumornr.

221 3969 292 4024 207.
314 3964 372 4030 Qui
398 3965 490 4023 aliena
514 3967 615 4024 nolunt
640 3968 797 4035 restituere,
823 3976 969 4041 nequeunt
993 3969 1122 4027 absolvi:
1146 3966 1222 4041 quod
1246 3969 1271 4023 si

179 4063 358 4138 propositum
371 4064 537 4122 restituendi
550 4065 673 4134 foveant,
685 4068 754 4139 quin
768 4068 889 4143 possint,
899 4066 1028 4124 voluntas
1036 4086 1090 4143 pro
1101 4085 1132 4124 re
1142 4067 1267 4124 habetur.

180 4159 326 4232 Equidem
352 4163 464 4234 quoties
483 4162 519 4220 de
544 4183 574 4222 re
601 4167 768 4244 gravissima
788 4165 888 4242 agitur,
908 4167 1049 4224 restitutio
1075 4163 1204 4223 faciende
1225 4170 1268 4220 est

347 4342 390 4407 (l)
412 4344 423 4388 l
438 4342 509 4393 Jocn.
520 4344 555 4393 iii.
568 4347 607 4394 14.
901 4345 942 4410 (2)
963 4341 1027 4392 Cen.
1038 4341 1099 4392 xxii.
