2640 4860
380 1175 709 1251 TRACTATUS
748 1175 857 1250 XVI.

352 1534 357 1543 Ι
448 1442 510 1506 DE
533 1442 780 1507 BAPTISMO.

449 1721 753 1732 .-..—..---——-

528 1946 670 2006 CAPUT
690 1947 714 2006 Ι.

438 2162 478 2204 DE
499 2163 634 2205 nasama
652 2163 801 2205 aarum.

121 2328 146 2380 l.
169 2324 342 2382 ersrrus
362 2332 407 2381 est
430 2333 640 2384 sacramentum
663 2345 680 2382 a
702 2324 821 2384 Christo
846 2323 974 2386 Domino
996 2328 1167 2396 institutum,

85 2439 145 2495 quo,
167 2422 313 2482 ablutione
333 2440 416 2496 aqua,
437 2431 466 2481 et
484 2423 665 2484 inuocatione
686 2425 771 2484 trium
793 2442 980 2503 personarum
1000 2425 1170 2495 divinarum,

85 2524 142 2594 quis
156 2523 315 2581 renascitur
327 2521 402 2581 Deo.
444 2523 535 2596 Aquae
557 2525 755 2584 nenessitatem
769 2524 838 2583 alias
851 2525 1055 2601 probavimus:
1076 2527 1170 2586 omnis

85 2631 174 2681 autem
192 2639 266 2694 aqua
283 2621 418 2680 naturalis
436 2620 539 2681 idonea
554 2632 598 2681 est
613 2625 740 2692 materia,
757 2632 933 2701 quapropter
951 2621 1021 2680 dicit
1038 2623 1172 2682 Tertulli·

85 2738 167 2780 anus:
191 2721 301 2780 “nulla
317 2719 461 2780 distinctio
479 2730 523 2780 est
535 2723 606 2781 mari
622 2724 696 2795 quis,
712 2741 748 2780 an
765 2731 875 2803 stagno,
889 2722 1008 2780 flumine
1027 2740 1064 2779 an
1081 2722 1171 2789 fonte,

84 2818 143 2878 lacu
163 2838 202 2878 an
220 2820 302 2879 alveo
322 2815 493 2878 diluatur.”1
540 2802 680 2881 Ecclesiae
701 2831 797 2881 tamen
817 2818 991 2879 consuetudo
1009 2822 1100 2898 exigit
1118 2821 1172 2880 sub

83 2921 159 2995 gravi
181 2927 310 2997 peccato,
324 2928 357 2977 ut
369 2937 442 2992 aqua
454 2919 540 2978 suerit
557 2922 609 2978 rite
622 2921 652 2977 in
671 2939 738 2978 eum
751 2919 838 2977 finem
858 2919 1026 2987 benedicta3
1048 2928 1069 2957 ⁶⁶
1080 2920 1174 2978 Extra

83 3019 282 3078 necessitatem
305 3019 454 3078 nonlicet
474 3021 527 3079 sub
550 3019 695 3087 mortali‚'’
720 3019 813 3092 inquit
838 3018 973 3085 Antoine,
997 3018 1173 3096 “baptizare

83 3119 139 3176 nisi
159 3120 191 3176 in
217 3118 296 3190 aqua
316 3117 466 3176 benedicta
491 3136 554 3191 quae
575 3117 701 3177 insonte
722 3117 883 3194 baptismali
901 3125 1038 3186 servatur,
1058 3127 1174 3196 propter

83 3227 259 3294 praeceptum
268 3226 386 3277 etusum
396 3211 587 3276 Ecclesim.’'²
613 3226 633 3253 “
642 3216 880 3285 Benedicimus‚''
889 3217 982 3290 inquit
994 3217 1026 3274 S.
1037 3217 1172 3287 Basilius,

83 3325 102 3351 “
112 3333 217 3390 aquam
231 3316 408 3394 baptismatis
421 3325 451 3374 et
461 3317 557 3375 oleum
568 3317 719 3386 unctionis,
734 3316 827 3376 adhuc
841 3317 925 3375 etiam
939 3317 1035 3395 ipsum
1049 3317 1174 3394 baptiza-

83 3426 160 3474 tum:
183 3415 523 3493 exquibusScripturisl
565 3416 792 3475 Nonneataeita
801 3424 829 3474 et
837 3415 1115 3494 mysticatraditione
1124 3411 1175 3472 l”³

84 3515 159 3582 Eam
172 3515 405 3574 benedictionem
417 3515 605 3593 praescribunt
617 3534 716 3575 omnes
729 3516 794 3574 libri
806 3516 946 3576 Rituales.
989 3516 1067 3574 Hinc
1079 3515 1172 3574 Bene-

84 3614 177 3672 dictus
203 3614 301 3684 xlv„
322 3615 353 3673 in
379 3615 492 3674 decreto
517 3613 594 3674 edito
620 3634 672 3692 pro
696 3617 778 3694 regni
804 3616 911 3674 Serviae
937 3626 966 3674 et
990 3614 1175 3673 finitimarum

82 3716 235 3791 regionum
263 3713 377 3782 incolis,
404 3715 458 3772 ait:
494 3722 514 3750 “
524 3712 690 3774 Curandum
716 3725 760 3792 est
784 3715 879 3782 etiam,
906 3732 943 3771 ne
968 3723 1049 3771 extra
1077 3728 1175 3770 casum

83 3813 274 3882 necessitatis,
284 3814 413 3892 justique
423 3813 532 3872 umens
543 3814 577 3872 ab
586 3812 748 3874 infidelibus
761 3812 881 3881 incussi,
892 3811 1053 3869 eommunis
1061 3818 1089 3866 et
1098 3818 1176 3867 natu·

81 3913 151 3971 ralis
161 3931 246 3985 aqua,
256 3912 302 3970 vel
311 3914 395 3972 etiam
403 3931 438 3971 ea
446 3930 508 3986 quae
519 3932 571 3991 pro
582 3912 795 3973 lustrationibus
802 3909 990 3976 benedicitur,
1000 3910 1031 3969 in
1043 3908 1177 3985 baptismi

83 4011 330 4071 administratione
350 4012 533 4082 adhibeatur3
554 4031 587 4070 ac
599 4021 706 4072 temere
718 4012 862 4071 omittatur
876 4026 945 4066 usus
958 4026 1037 4081 aquae
1052 4007 1177 4067 adhunc

123 4234 168 4300 (¹)
189 4233 227 4284 De
239 4231 316 4299 Bapl·
327 4247 347 4284 ⁰·
358 4232 390 4282 iv·
716 4232 759 4299 (2)
782 4228 863 4283 Trou.
873 4229 903 4283 dc
915 4229 992 4299 Bupt.
1002 4245 1043 4296 qu.
1055 4231 1072 4282 i.
1083 4245 1109 4281 u.
1121 4232 1144 4279 ³.

395 4316 438 4383 (3)
458 4316 489 4367 L.
501 4314 531 4369 de
543 4315 644 4385 Spiritu
657 4314 755 4376 Saudo,
765 4331 788 4367 c.
799 4315 876 4366 xxvii.
