2640 4860
158 1477 281 1535 Parcus
295 1485 322 1533 et
335 1495 372 1534 ex
385 1477 483 1535 littoris
497 1477 716 1555 Archiepiscopi
730 1477 884 1546 Edesseni,
896 1479 999 1557 lguatii
1008 1477 1143 1537 Cadolini
1159 1479 1208 1551 qui

47 1567 52 1573 '
113 1592 257 1668 deinceps
271 1594 300 1651 in
315 1593 435 1651 Sacrum
457 1593 623 1672 Collegium
645 1594 839 1655 cardinalium
861 1592 1010 1672 cooptatus
1034 1605 1087 1664 est,
1102 1594 1208 1669 aliquid

112 1707 299 1784 depromere.

159 1842 288 1899 “Mirari
301 1851 395 1899 autem
408 1843 476 1900 satis
487 1862 545 1902 non
559 1862 690 1920 possum,
700 1843 777 1916 quod
790 1843 862 1900 inter
876 1851 915 1899 tot
928 1844 1207 1916 tantosquelabores,

111 1974 192 2028 quos
206 1956 235 2014 in
248 1953 367 2015 colenda
388 1957 470 2014 vinea
483 1957 601 2016 Domini
623 1956 738 2016 assidue
752 1957 808 2014 huc
822 1975 914 2028 usque
928 1957 1078 2032 pertulisti,
1094 1965 1206 2032 tempus

110 2090 234 2144 quoque
247 2072 374 2129 invenire
388 2071 520 2142 valueris,
536 2092 592 2145 quo
606 2074 729 2151 scriptis,
744 2074 835 2146 iisque
850 2071 1024 2131 doctissimis
1039 2092 1071 2129 ac
1081 2072 1207 2130 disertis·

109 2188 211 2254 simis,
221 2187 377 2246 Catholicae
388 2188 548 2265 Religionis
558 2190 668 2254 utilitati
682 2189 858 2249 consuleres.
880 2190 946 2265 Ego
959 2190 1036 2246 enim
1047 2207 1083 2246 ex
1097 2189 1208 2266 integro

108 2305 242 2382 primum
255 2307 390 2364 volumen
403 2306 521 2386 perlegi,
537 2316 620 2381 atque
634 2326 671 2366 ex
685 2327 719 2366 eo
728 2316 832 2381 quanta
845 2308 931 2385 totius
939 2307 1034 2384 operis
1045 2307 1207 2384 prestantia

110 2423 154 2479 sit
172 2423 259 2498 probe
272 2422 409 2479 intellexi.
444 2423 491 2481 Eo
512 2431 604 2481 autem
625 2443 695 2482 usus
718 2443 749 2482 es
765 2422 911 2492 methodo,
926 2442 988 2496 quae
1009 2394 1074 2482 meo
1091 2421 1207 2495 quidem

107 2533 226 2612 judicio
251 2536 502 2595 Missionariorum
525 2537 676 2614 exigentiis
697 2537 742 2595 vel
765 2537 891 2596 maxime
917 2545 960 2593 est
982 2534 1205 2595 accommodata.

113 2651 312 2717 Quamobrem
327 2651 397 2709 illud
410 2651 480 2709 mihi
494 2662 585 2710 ratum
598 2672 771 2727 suasumque
791 2662 844 2720 est,
856 2651 1046 2729 dogmaticum
1055 2652 1206 2728 theologie

112 2785 191 2844 opus
216 2766 291 2839 quod
316 2767 469 2843 perfecisti,
485 2777 544 2827 tum
564 2771 663 2828 ceteris
684 2789 827 2829 sacrarum
853 2769 1035 2827 scientiarum
1059 2765 1205 2836 studiosis,

112 2902 183 2940 cum
197 2884 354 2958 presertim
369 2884 561 2942 Missionariis
575 2887 688 2952 uostris,
699 2885 758 2943 fore
773 2885 900 2961 apprime
915 2883 1125 2960 profuturum.”

186 3055 272 3104 Roarm
287 3057 320 3103 26
338 3055 467 3106 Novrura.
488 3058 560 3107 1840.
