2640 4860
239 204 296 268 DE
319 207 617 268 SUSCEPTIONE
640 206 956 269 EUOHARISTIAE.
1104 216 1142 272 97

22 376 183 435 nonfuit
203 375 379 435 sufficienter
398 377 555 434 contritus:
577 373 628 432 sed
648 374 748 433 devote
768 385 797 433 et
816 386 976 436 reverenter
996 376 1144 446 accedens,

33 484 246 548 consequetur
271 493 323 551 per
344 476 399 533 hoc
419 487 628 533 sacramentum
651 475 769 551 gratiam
795 475 937 534 charitatis
958 497 1021 551 quae
1041 479 1144 536 contri·

42 574 159 633 tionem
191 573 332 651 perficiet,
346 584 373 632 et
395 574 593 633 remissionem
619 567 850 650 peccatorum.”¹
900 575 1143 653 Concupiscentia

45 674 137 731 etiam
151 673 292 731 minuitur
303 674 338 731 iis
352 673 401 746 qui
414 673 516 731 devote
531 672 690 748 suscipiunt
703 671 924 743 Eucharistiam,
936 685 964 733 et
976 678 1041 752 pius
1051 679 1142 737 animi

50 771 170 830 affectus
184 773 305 830 fovetur.
327 772 437 850 Pignus
447 772 570 845 denique
584 781 628 829 est
641 772 817 849 praecipuum
831 772 894 830 vitae
908 783 1038 833 aetemae:
1062 777 1144 843 “Qui

52 869 324 933 manduost··meam
350 890 475 940 carnem,
492 881 521 930 et
539 871 609 929 bibit
631 876 727 929 meum
750 871 928 948 sanguinem,
952 874 1036 933 habet
1055 877 1142 935 vitam

56 978 253 1047 aeternamm
262 988 318 1049 ego
331 971 506 1031 resuscitabo
519 988 585 1028 eum
598 971 628 1028 in
641 970 802 1028 novissimo
815 963 912 1028 die.”²

89 1073 141 1128 70.
162 1066 387 1131 Communionis
401 1071 558 1144 frequentia
572 1069 697 1128 maxime
710 1068 852 1128 laudanda
865 1075 918 1138 est,
933 1071 958 1128 si
968 1071 1092 1131 studium
1106 1076 1141 1134 ad

58 1169 181 1227 animum
202 1176 280 1228 tanto
298 1168 411 1244 hospiti·
430 1168 587 1246 parandum
610 1169 785 1238 adhibeatur,
824 1180 996 1248 quapropter
1018 1171 1143 1244 quotidie

57 1284 115 1325 eam
128 1266 345 1344 suscipiendam
370 1286 405 1325 ea
424 1268 585 1327 conditione
609 1267 711 1326 suadet
730 1269 762 1326 S.
785 1269 933 1328 Thomas:
955 1289 1044 1342 quum
1065 1273 1143 1330 enim

58 1365 173 1425 dixisset
186 1385 225 1425 ex
245 1377 323 1444 parte
337 1370 517 1436 sacramenti,
538 1367 621 1443 cujus
632 1368 718 1425 virtus
728 1375 777 1425 ‘est
787 1369 888 1426 animae
902 1369 1042 1436 salutaris,
1057 1388 1145 1448 expe·

57 1464 113 1523 dire
126 1475 159 1523 ut
172 1466 300 1538 quotidie
320 1478 456 1535 sumatur,
472 1467 627 1544 adjunxita
640 1476 659 1502 ‘⁶
671 1467 727 1525 alio
747 1466 834 1525 modo
853 1478 948 1545 potest
969 1469 1143 1529 considerari

57 1582 89 1622 ex
102 1574 184 1641 parte
198 1567 350 1635 sumentis,
374 1568 405 1625 in
427 1585 484 1639 quo
505 1566 665 1638 requiritur,
687 1575 719 1623 ut
738 1584 804 1623 cum
828 1585 931 1644 magna
950 1566 1100 1627 devotione
1117 1580 1145 1627 et

55 1665 211 1723 reverentia
224 1663 259 1722 ad
272 1664 327 1723 hoc
347 1674 554 1723 sacramentum
576 1663 700 1722 accedat.
744 1663 783 1721 Et
795 1663 859 1722 ideo
873 1666 898 1722 si
911 1665 1013 1738 aliquis
1028 1686 1059 1726 se
1074 1686 1144 1740 quo·

57 1763 122 1821 tidie
143 1763 180 1821 ad
193 1764 248 1822 hoc
263 1773 390 1839 paratum
405 1765 537 1830 inveniat,
558 1763 699 1821 laudabile
722 1772 776 1830 est,
798 1762 874 1835 quod
894 1763 1019 1836 quotidie
1042 1777 1144 1823 sumat.

57 1861 141 1920 Unde
155 1863 345 1940 Augustinus,
367 1883 431 1922 cum
452 1863 582 1930 dixisset,
599 1863 726 1937 ‘Accipe
740 1861 878 1934 quotidie,
899 1872 930 1919 ut
952 1863 1079 1934 qnotidie
1094 1866 1145 1922 tibi

55 1959 175 2038 prosit3’
197 1963 355 2039 subjungit,
377 1963 445 2020 ‘Sic
465 1964 530 2020 vive
551 1971 583 2019 ut
602 1960 730 2035 quotidie
744 1963 879 2020 merearis
894 1961 1044 2037 accipere.’
1087 1964 1146 2022 Sed

55 2062 120 2133 quia
134 2062 280 2120 multoties
294 2062 323 2118 in
336 2061 464 2137 pluribus
478 2061 652 2129 hominibuS,
674 2061 760 2119 multa
783 2061 987 2138 impedimenta
999 2061 1085 2139 hujus
1099 2063 1146 2121 de·

54 2161 180 2218 votionis
204 2169 366 2228 occurrunt,
393 2170 509 2237 propter
533 2161 661 2237 eorporis
683 2159 943 2237 indispositionem,
965 2161 1011 2218 vel
1031 2163 1143 2229 animae,

56 2277 114 2317 non
128 2267 173 2316 est
185 2259 254 2318 utile
269 2260 400 2318 omnibus
415 2260 579 2318 hominibus
593 2259 718 2333 quotidie
732 2260 766 2316 ad
781 2260 836 2318 hoc
849 2270 1055 2323 sacramentum
1067 2281 1145 2320 acce·

55 2356 135 2426 dere,
149 2358 201 2416 sed
214 2359 452 2432 quotiescumque
473 2377 504 2416 se
530 2356 564 2415 ad
584 2357 652 2416 illud
675 2357 763 2416 homo
786 2359 926 2417 invenerit
945 2370 1144 2436 praeparatum.

55 2456 142 2515 Unde
155 2459 186 2516 in
198 2458 272 2516 libro
286 2457 321 2515 de
334 2458 534 2516 ecelesiasticis
549 2456 726 2534 dogmatibus
740 2456 851 2523 dicitur,
875 2455 1027 2522 ‘Quotidie
1041 2457 1145 2514 eucha-

57 2557 146 2614 ristiae
173 2557 409 2616 communionem
433 2558 562 2633 accipere
589 2574 641 2614 nec
667 2554 761 2623 laudo,
782 2573 835 2612 nec
856 2550 1033 2632 vitupero.”³
1073 2555 1148 2614 Rem

54 2655 224 2714 confessarii
233 2656 345 2734 judicio
358 2656 467 2714 remisit
475 2657 660 2715 Innocentius
673 2648 744 2712 XI.A
784 2653 889 2712 Paucis
901 2654 949 2726 qui
960 2654 1146 2712 ferventiores

55 2763 132 2822 sunt,
147 2764 175 2812 et
189 2756 270 2814 nullo
283 2755 444 2814 detinentur
457 2754 673 2831 impedimento,
687 2752 811 2829 permitti
823 2763 916 2829 potest
929 2751 1054 2825 quotidie
1068 2773 1148 2811 acce·

56 2853 142 2912 dere:
164 2852 217 2912 sed
231 2856 402 2932 conjugibus
416 2855 522 2922 invitis,
537 2871 670 2910 accessus
691 2852 825 2924 frequens
845 2870 903 2910 non
916 2851 999 2910 debet
1013 2851 1145 2910 concedi.

57 2951 155 3011 Semel
177 2955 208 3012 in
229 2952 408 3012 bebdomada
433 2954 469 3011 iis
490 2953 539 3026 qui
565 2952 645 3010 nullo
667 2959 798 3009 tenentur
819 2951 921 3010 affectu
942 2949 977 3007 ad
999 2960 1147 3028 peccatum

57 3051 180 3120 veniale,
194 3054 339 3110 concessit
358 3053 390 3110 S.
405 3051 576 3110 Franciscus
594 3050 724 3109 Salesius
745 3049 891 3109 accedere.
933 3050 1084 3124 Plerisque
1098 3052 1148 3124 qui

56 3159 172 3227 peecata
186 3151 316 3210 mortalia
329 3152 426 3219 vitant,
450 3151 540 3209 semel
561 3151 661 3208 saltem
683 3151 714 3210 iu
734 3168 832 3208 mense
856 3150 991 3209 accedere
1013 3150 1070 3208 tutd
1085 3170 1148 3228 per·

57 3249 193 3308 mittitur:
215 3248 270 3313 sed
292 3249 470 3331 vigilandum
495 3269 531 3307 ne
552 3249 739 3327 cupiditatum
758 3250 841 3308 servi
863 3249 920 3309 hoc
940 3263 1149 3309 sacramentum

58 3348 251 3429 frequentem,
275 3365 388 3409 nomm
415 3347 614 3407 emendatione
639 3348 786 3425 neglecta:
818 3348 948 3408 damnata
974 3351 1081 3427 quippe
1107 3360 1150 3408 est

59 3447 239 3539 proposition
259 3426 443 3523 diuersos
470 3447 614 3506 confessio
636 3458 664 3505 et
683 3442 848 3589 comancio
874 3449 959 3505 etiarn
979 3449 1008 3506 in
1031 3449 1077 3506 his
1100 3449 1147 3519 qui

58 3545 199 3624 gentiliter
212 3536 325 3616 vivunt,
337 3555 383 3605 cst
394 3557 462 3606 nota
473 3544 743 3623 predestinationis.
765 3604 768 3609 ,
785 3536 871 3619 ,ῗθθά
886 3556 914 3603 et
925 3547 1003 3620 rigor
1016 3561 1151 3617 quorum·

61 3642 124 3704 dam
138 3645 290 3705 damnatus
304 3655 365 3703 est:
387 3646 555 3705 “Similiter
568 3644 682 3704 arcendi
695 3624 763 3704 sulit
781 3665 798 3702 a
820 3642 1032 3710 communione,
1047 3642 1150 3713 quibus

60 3743 187 3804 nondum
200 3745 276 3803 inest
288 3763 370 3804 amor
382 3745 439 3804 Dei
453 3746 623 3822 purissimus
636 3753 665 3802 et
677 3743 773 3803 omnis
787 3741 934 3800 mixtionis
947 3730 1101 3814 expers.'’⁶

96 3913 139 3978 (l)
156 3911 191 3961 iii.
202 3911 364 3976 p.qu.lxxix.
376 3918 419 3962 art
430 3912 464 3962 iii.
499 3910 576 3978 Resp.
591 3915 615 3961 3.

99 3997 141 4062 (2)
160 3995 232 4046 Joan.
243 3995 277 4046 vi.
288 3998 330 4045 55.
633 3996 676 4060 (3)
696 3993 730 4042 iii.
740 4007 765 4056 p.
775 4005 816 4055 qu.
827 3991 896 4040 lxxx.
908 3997 951 4040 art.
963 4007 988 4041 x.
1024 3990 1098 4059 Resp.

101 4079 143 4144 (4)
161 4078 226 4128 Vide
237 4077 369 4128 Decretum
381 4078 409 4127 S.
421 4078 452 4127 C.
464 4093 538 4127 anno.
551 4079 625 4138 1679,
636 4092 665 4126 eo
676 4077 791 4140 probante
802 4073 902 4123 editum.

62 4220 66 4227 ι
101 4165 143 4230 (5)
161 4163 234 4228 Prop
244 4163 287 4214 lvi.
298 4164 361 4213 intor
369 4164 496 4214 damnatas
508 4165 539 4213 ab
549 4163 634 4212 innoc.
645 4161 692 4211 xl.

50 4248 64 4271 ⁵
75 4242 81 4295 ἶ
101 4248 144 4312 (6)
161 4246 234 4311 Prop.
246 4246 317 4297 xxiii.
326 4248 357 4298 ab
367 4249 441 4300 Alex.
452 4247 520 4299 Vlll.
531 4247 654 4299 damnata.

105 4323 181 4385 Vos.
194 4325 335 4386 111.-1o
