2640 4860
109 391 169 447 aab
305 380 363 443 BE
383 377 705 439 IMPEDIMENTIS
725 376 1008 445 ΜΔΤΒΙΜΟΝΙΙ.

113 549 203 611 monii
229 548 320 625 ipsius
345 539 581 607 cousummatio.¹
621 543 837 604 Benedictionis
863 544 1017 613 solemnis,
1041 562 1105 617 quae
1126 543 1199 618 juxta

113 647 275 727 generalem
300 657 330 705 et
355 648 499 719 antiquam
527 644 666 702 Ecclesia
686 643 936 712 consuetudinem,
960 663 1049 718 quam
1071 647 1199 701 memorat

116 747 326 815 Tertullianus,
340 746 436 822 expeti
446 738 556 812 debet,²
568 744 688 803 omissio
702 744 829 802 absoluta
842 763 901 802 uou
913 752 1071 802 excusatur
1084 743 1201 800 sattema

117 845 233 912 veniali,
255 845 296 902 uti
316 863 417 903 omnes
438 843 629 910 consentiunt,
651 852 768 900 testante
783 844 815 900 S.
836 835 1027 920 altlphonso:³
1057 840 1133 918 apud
1156 855 1200 895 uos

116 956 213 1005 unica
236 945 285 1002 rix
306 962 430 1017 unquam
450 941 540 1009 datur,
555 941 678 1015 ideoque
697 940 904 1001 cousuetudine
924 944 1041 1019 vigente
1062 939 1200 1002 contraria,

117 1064 177 1105 non
197 1042 288 1101 audeo
308 1041 440 1101 damnare
461 1042 569 1118 peccati
589 1040 673 1098 etiam
694 1042 813 1101 venialis
832 1043 1033 1109 omissionem,
1057 1037 1203 1118 praesertim

119 1161 208 1218 quum
231 1142 371 1200 Nicolaus
385 1142 409 1201 1.
424 1140 458 1198 de
471 1142 571 1199 ritibus
592 1140 762 1198 matrimonii
777 1143 850 1200 inter
868 1151 971 1199 cetera
984 1141 1081 1199 dicat:
1104 1136 1204 1194 “ambo

120 1241 156 1300 ad
182 1240 319 1317 nuptialia
338 1241 444 1299 soedem
464 1238 664 1316 perducuntur,
685 1248 714 1295 et
738 1241 860 1316 primum
888 1240 1008 1313 quidem
1028 1240 1058 1298 in
1082 1234 1203 1296 Ecclesia

121 1340 241 1400 Domini
260 1358 326 1398 cum
346 1340 547 1406 oblationibus,
562 1356 633 1410 quas
654 1336 756 1395 offerre
776 1338 882 1397 debent
900 1338 966 1397 Deo
988 1357 1041 1416 per
1060 1333 1204 1395 sacerdotis

123 1456 250 1508 ananum,
263 1448 439 1506 statuuntur3
454 1440 536 1511 sique
546 1438 662 1496 demum
671 1436 911 1505 benedictionem,
921 1447 949 1495 et
959 1438 1091 1496 velamen
1102 1435 1205 1494 coeleste

122 1538 291 1614 suscipiunt.
308 1580 315 1596 .
332 1537 531 1596 ..Peccatum
558 1545 651 1594 autem
679 1553 754 1603 esse,
781 1537 808 1594 si
832 1536 894 1594 haec
921 1547 1026 1594 cuncta
1045 1538 1077 1595 in
1097 1529 1205 1612 nuptiali

122 1637 229 1695 laedere
250 1655 307 1695 non
328 1637 522 1703 interveniant,
538 1654 595 1694 non
615 1627 787 1693 dicimus.'’⁴
826 1636 901 1694 Ante
921 1635 1151 1695 benedictionem
1168 1650 1205 1688 ac·

122 1746 233 1812 ceptam
248 1737 362 1812 nuptias
372 1754 571 1795 consummare
585 1733 714 1809 nouandi
727 1733 858 1793 dicebaut
869 1744 1019 1810 peccatum
1034 1753 1100 1792 esse
1113 1748 1203 1810 gravet

124 1835 221 1910 plures
236 1834 364 1900 veniale3
384 1835 512 1911 plerique
522 1835 584 1912 jam
599 1832 708 1892 nullum
722 1851 787 1891 esse
799 1832 913 1892 docent.

167 1936 235 1991 133.
259 1931 422 2011 Sponsalr’a
435 1952 499 1992 cum
514 1933 570 1991 alia
582 1941 733 1999 contracta,
747 1950 809 2004 qua
820 1934 913 1991 soluta
925 1950 985 1990 nou
998 1932 1115 2000 luerint,
1129 1933 1207 2006 impe·

125 2030 207 2090 diunt
219 2032 447 2100 matrimonium
469 2050 523 2089 nec
542 2032 618 2090 enim
638 2031 704 2090 licet
723 2029 830 2089 tradere
848 2050 909 2089 rem
924 2031 1005 2089 alteri
1021 2033 1083 2110 jam
1098 2029 1208 2107 promis·

126 2127 215 2189 sam!
254 2131 386 2189 Attamen
406 2130 431 2186 si
454 2148 512 2188 non
531 2131 569 2188 sit
588 2130 672 2206 copia
691 2148 805 2206 sponsae
819 2148 992 2189 consensum
1008 2129 1170 2206 expetendi,
1182 2137 1208 2184 ut

123 2227 270 2285 solvantur
281 2228 444 2304 sponsalia,
465 2228 510 2285 vel
524 2230 550 2286 si
570 2238 714 2300 nequeant
726 2229 850 2306 impleri,
862 2229 963 2288 licebit
976 2228 1013 2286 ad
1026 2230 1140 2305 nuptias
1153 2245 1208 2303 pro·

123 2325 203 2402 gredi
216 2325 381 2384 confessarii
395 2327 519 2394 arbitrio,
533 2328 691 2403 presertim
712 2329 738 2385 si
751 2330 855 2406 injuria
867 2328 921 2386 hac
935 2328 1046 2386 ratione
1061 2325 1208 2404 reparanda

124 2425 170 2482 sit.
212 2422 288 2482 Rard
302 2424 408 2483 idcirco
422 2424 507 2484 debet
519 2426 660 2504 parochus
673 2426 813 2504 impedire
827 2428 940 2505 nuptias
953 2427 991 2484 ob
1007 2427 1207 2503 promissiones

123 2525 184 2602 jam
198 2523 308 2601 pridem
322 2524 419 2594 saetas,
441 2544 504 2599 quae
518 2526 563 2583 vel
576 2527 604 2583 vi
617 2527 793 2602 sponsalium
807 2536 911 2595 carent,
927 2527 974 2584 vel
988 2544 1133 2584 consensu
1146 2543 1209 2598 quo·

126 2624 192 2682 dam
207 2626 291 2684 tacito
304 2625 429 2683 remissae
443 2626 540 2684 haberi
554 2636 684 2702 possunt.

168 2727 234 2782 134.
264 2724 370 2784 Votum
383 2726 507 2802 simplex
520 2725 654 2783 castitatis
665 2726 756 2783 obstat
768 2744 804 2784 ne
816 2726 901 2785 liceat
910 2725 1080 2784 contrahere
1094 2723 1210 2800 nuptias,

125 2842 182 2882 nou
197 2834 293 2883 tamen
307 2824 414 2882 dirimit
426 2819 607 2883 contractas.⁶
625 2824 705 2883 Idem
717 2823 752 2883 de
763 2834 829 2884 voto
839 2826 1008 2903 religionem
1025 2820 1209 2902 ingrediendi,

126 2923 172 2979 vel
193 2925 307 2982 ordines
328 2942 425 2982 sacros
445 2924 631 3001 suscipiendi,
652 2924 696 2982 vel
718 2943 776 2983 non
796 2924 932 2992 nubendi,
946 2924 993 2982 vel
1007 2923 1044 2982 de
1053 2926 1210 3001 juramento

124 3022 201 3094 quod
224 3023 259 3081 de
279 3023 362 3081 rebus
383 3023 548 3102 hujusmodi
568 3024 714 3092 emittitur,
729 3024 826 3082 dieunt
839 3034 985 3082 auctores:
1009 3032 1029 3060 ⁴⁶
1040 3032 1068 3081 et
1081 3041 1166 3081 nemo
1179 3019 1210 3076 de

125 3118 180 3178 hoc
195 3120 332 3191 dubitat,’'
348 3132 417 3180 teste
431 3119 616 3181 Sanchesio.⁷
656 3123 681 3180 Α
695 3133 760 3181 voto
775 3124 908 3181 castitatis
922 3133 986 3181 ante
1000 3123 1209 3180 matrimonium

124 3220 232 3279 emisso
246 3225 340 3297 potest
352 3223 518 3298 episcopus,
534 3223 617 3299 juxta
637 3222 798 3298 plerosque,
820 3220 995 3298 dispensare,
1013 3229 1043 3279 et
1058 3223 1109 3299 jus
1123 3222 1208 3278 facere

124 3317 238 3392 petendi
252 3317 353 3376 debiti:
376 3321 449 3376 sicut
471 3322 553 3378 stab
573 3321 675 3379 eodem
695 3333 761 3381 voto
781 3323 886 3380 emisso
900 3331 966 3398 post
979 3330 1206 3379 consummatum

122 3416 352 3474 matrimonium:
374 3436 431 3473 nou
452 3428 546 3476 autem
561 3439 577 3474 a
592 3431 657 3477 voto
677 3422 782 3479 emisso
797 3443 813 3478 a
827 3421 995 3496 conjugibus
1017 3440 1055 3478 ex
1068 3434 1206 3478 consensu

122 3523 232 3581 mutuo,
247 3514 323 3585 quod
337 3515 423 3590 Papae
437 3525 606 3574 reservatur.
649 3517 792 3578 Caeteram
804 3519 921 3597 speciali
934 3519 1046 3578 indulto
1058 3516 1207 3576 Pontificio

123 3612 155 3674 fit
167 3613 311 3690 episcopis
332 3615 461 3672 Statuam
482 3613 679 3674 soederatorum
701 3619 819 3678 facultas
841 3618 1027 3695 dispensandi
1041 3637 1079 3678 ex
1093 3619 1207 3675 rationa-

123 3713 172 3775 bili
187 3733 271 3772 causa
284 3715 312 3772 iu
327 3725 392 3774 voto
406 3715 540 3772 castitatis
554 3723 581 3772 et
594 3716 752 3800 religionis.

222 3985 282 4034 Vide
294 3985 324 4034 Ο.
336 3986 471 4046 Nostrates,
482 3994 506 4036 et
518 3987 547 4037 C.
560 3987 671 4051 Sponsus
682 3994 706 4036 et
718 3989 821 4052 Sponsa,
833 4005 856 4052 q.
869 4005 891 4036 v.

218 4067 247 4116 L.
259 4069 290 4117 vi.
302 4085 327 4117 n.
339 4072 389 4118 984
401 4076 425 4118 et
436 4072 493 4118 988.
763 4074 805 4138 (t)
827 4072 857 4122 C.
870 4071 1004 4121 Nostrates.

218 4152 248 4200 O.
260 4151 363 4202 Duobus
374 4153 459 4213 modis,
471 4154 546 4203 xxvii.
559 4171 599 4217 qu.
611 4155 635 4204 ii.
762 4158 803 4222 (6)
825 4157 855 4207 C.
868 4156 967 4214 Rursus,
986 4153 1036 4215 Qui
1050 4153 1147 4204 Clerici.

216 4233 246 4282 1..
257 4235 297 4283 vii.
308 4236 369 4306 disp.
381 4238 414 4285 xi.
426 4237 455 4287 de
465 4238 556 4309 imperi.
569 4244 642 4290 ntutr.
