2640 4860
328 367 385 427 DE
406 367 572 428 SlGlLLO
593 368 913 431 OONFESSIONIS.
1108 378 1165 437 ld'l

86 533 276 595 raditionem
288 532 496 611 explicandam,
511 543 540 594 et
552 536 588 594 ad
607 535 757 594 consilium
770 537 974 614 expetendum,
988 538 1035 596 vel
1047 539 1115 596 alias
1128 559 1166 600 ex

86 634 173 708 rcarri
197 633 315 702 fiducia,
347 640 414 691 sunt
444 634 642 693 inviolabiliter
667 635 814 693 servanda.
867 638 1056 696 Tentationes
1082 639 1168 715 igitur

86 735 181 793 uibus
205 734 270 806 quis
290 733 480 809 impugnatur,
500 734 627 811 scrupuli
653 734 757 807 quibus
780 737 900 814 angitur,
924 747 953 794 et
974 737 1038 817 ipsa
1062 740 1166 797 mentis

85 830 257 907 iquietudo,
279 829 447 912 (praesertim
468 833 494 890 si
517 834 642 891 animum
656 833 757 908 prodat
777 831 912 913 debilem)
936 836 1094 912 ignorantia
1112 855 1169 910 qua

86 933 193 1000 horat,
209 930 387 989 difficultates
401 932 504 1005 quibus
525 932 688 1008 impeditur,
702 933 866 1009 poenitentia
884 935 977 1011 gravis
991 935 1017 992 ei
1031 935 1167 1010 injuncta,

86 1030 203 1090 rtandae
224 1039 291 1088 sunt
308 1030 432 1099 silentio,
453 1041 556 1107 praeter
575 1040 690 1109 peccata
710 1031 843 1101 admissa,
865 1035 961 1092 socios
981 1033 1120 1102 criminis,
1140 1045 1169 1093 et

87 1132 122 1190 ia
134 1149 208 1204 quae
217 1148 371 1206 gravamen
381 1129 537 1205 poenitenti,
546 1133 591 1190 vel
599 1131 695 1190 odium
703 1131 885 1201 confessioni,
895 1132 1019 1190 revelata
1026 1143 1167 1207 parerent.

101 1233 165 1290 76.
188 1228 329 1287 Defectus
342 1228 482 1287 naturales
506 1231 678 1306 poenitentis,
694 1248 797 1305 nempe
811 1230 886 1303 quod
900 1232 936 1288 sit
948 1231 1074 1307 spurius,
1088 1231 1168 1308 igno·

86 1328 147 1398 lis,
159 1345 283 1406 pauper,
298 1328 423 1404 ignarus,
437 1328 551 1396 surdus,
565 1329 662 1396 hebes,
674 1329 699 1386 si
712 1330 746 1386 ab
760 1331 823 1405 ipso
834 1330 1004 1388 manifestati
1014 1329 1119 1387 fuerint
1131 1329 1167 1389 ad

86 1427 253 1507 aplicanda
271 1436 397 1504 peccata,
418 1427 486 1485 licet
511 1428 619 1500 absque
639 1428 697 1486 ulla
716 1429 892 1498 necessitate,
913 1437 980 1487 sunt
998 1427 1051 1485 sub
1070 1428 1168 1504 sigillo

86 1525 229 1586 arvandi:
245 1525 311 1599 quia
318 1544 352 1584 ea
362 1525 466 1584 fiducia
476 1544 526 1584 eos
537 1526 639 1603 prodit.
662 1526 779 1593 Quodsi
790 1528 864 1586 ultro
874 1546 924 1587 eos
934 1527 1168 1596 manifestaverit,

86 1643 184 1700 isque
207 1624 265 1682 ulla
285 1624 320 1682 ad
341 1625 551 1684 confessionem
573 1626 719 1704 relatione,
743 1625 853 1684 videtur
872 1627 948 1686 nolle
967 1645 1017 1685 eos
1041 1626 1167 1685 clavibus

86 1725 162 1803 gilli
184 1724 344 1800 subjicere3
372 1725 502 1797 quamvis
523 1724 680 1783 cavendum
701 1742 736 1781 ne
757 1744 823 1783 cum
844 1727 906 1803 ejus
932 1725 1100 1793 offensione,
1121 1726 1168 1784 rel

86 1822 254 1890 favamma,
281 1822 399 1896 aliquid,
425 1822 502 1895 quod
527 1825 590 1882 aliis
616 1842 673 1886 uon
696 1824 827 1892 innotuit,
847 1824 964 1882 dicatur.
1013 1825 1046 1882 Si
1066 1843 1104 1882 ex
1124 1845 1168 1883 ao·

86 1923 205 1983 onibus
226 1923 400 1998 penitentis,
420 1930 448 1979 et
461 1924 566 1980 ratione
586 1922 750 1990 confitendi,
772 1921 846 1980 haud
860 1922 1001 2000 exipsius
1017 1923 1166 1990 relatione,

86 2028 261 2082 utotescant
269 2021 455 2090 confessario,
465 2022 624 2081 nullatenus
635 2020 739 2081 cadunt
747 2022 799 2079 sub
808 2021 944 2098 sigillum.
979 2020 1012 2079 Si
1026 2021 1167 2098 poenitens

86 2120 228 2180 edurum
252 2129 280 2178 et
301 2121 448 2179 difficilem
470 2121 602 2197 praebeat,
627 2121 673 2179 vel
696 2119 764 2180 alids
784 2121 947 2189 molestum,
970 2138 1028 2179 uon
1050 2121 1117 2179 licet
1139 2120 1168 2178 id

86 2219 274 2289 ranifestare,
299 2221 403 2293 “quia‚
427 2239 492 2279 cum
516 2219 642 2280 defectus
664 2220 1167 2288 111111111111111,11111111111111

86 2319 193 2379 overit
206 2336 255 2376 eos
268 2320 416 2378 occasione
431 2319 629 2389 confessionis,
644 2319 712 2377 dum
723 2320 864 2394 poenitens
878 2338 929 2378 sua
947 2328 1063 2396 peccata
1076 2319 1168 2397 expli·

86 2420 169 2484 abat,
185 2435 285 2475 eorum
298 2417 486 2475 manifestatio
496 2436 611 2495 semper
620 2416 750 2476 redderet
758 2419 853 2490 aliquo
863 2417 948 2477 modo
956 2418 1168 2477 confessionem

86 2518 223 2583 diesem,
238 2526 266 2573 et
278 2517 312 2573 ab
326 2535 360 2573 ea
372 2511 570 2573 retardaret.”l
669 2520 671 2524 ’

109 2621 169 2676 77.
194 2613 314 2671 Peccata
340 2614 370 2672 in
396 2613 576 2672 confessione
609 2613 775 2680 commissa,
801 2630 836 2668 v:
869 2630 906 2688 g:
942 2612 1113 2670 contumelia
1138 2613 1168 2670 in

86 2713 298 2782 onscssarium,
326 2732 383 2771 non
406 2711 510 2770 eadunt
531 2714 584 2771 sub
604 2712 711 2788 sigillo,
734 2709 786 2767 sed
808 2710 965 2786 periculum
985 2710 1168 2769 revelationis

86 2831 178 2874 ecum
194 2811 296 2880 ferunt,
312 2811 484 2887 “probabile
497 2812 574 2869 euim
587 2811 724 2868 indicium
738 2811 874 2886 prebent,
887 2807 963 2882 quod
978 2808 1168 2867 confessarius

86 2914 118 2972 el
148 2911 275 2969 noluerit
298 2910 453 2975 absolvere,
473 2911 526 2975 ,vel
552 2910 652 2967 acriter
677 2907 890 2984 reprehenderit
908 2915 1023 2984 propter
1043 2907 1168 2980 aliquam

86 3013 194 3088 nlpam
209 3003 418 3087 graviorem.''²

111 3115 168 3170 78.
191 3109 237 3166 De
252 3109 398 3165 virtutibus
409 3115 437 3164 et
450 3105 668 3165 revelationibus
678 3106 779 3178 quibus
791 3104 911 3162 donatus
922 3113 966 3161 est
978 3106 1129 3181 poenitenS,
1139 3105 1164 3162 si

86 3208 266 3270 manifestatae
287 3207 353 3275 1111,
367 3215 398 3264 11
416 3204 585 3284 ingratitudo
605 3205 679 3281 ejus,
699 3214 728 3262 et
747 3204 874 3261 desectus
894 3203 1068 3263 confessario
1088 3205 1169 3262 inno·

86 3317 230 3375 secarent,
244 3306 371 3382 sigillum
385 3304 555 3363 servandum
573 3304 656 3361 docet
670 3304 701 3361 S.
717 3302 899 3380 Alphonsus:
920 3320 1004 3360 secus
1018 3304 1043 3361 si
1063 3303 1169 3380 pande·

86 3416 174 3467 entur
188 3405 224 3464 ad
237 3406 339 3463 animae
353 3414 457 3463 statum
471 3395 735 3463 1111111111111111.3
775 3402 820 3459 Ε1
834 3401 976 3459 tutissima
988 3412 1041 3468 est,
1061 3403 1168 3481 regula,

86 3514 110 3565 tt
135 3503 172 3562 de
199 3505 283 3562 rebus
308 3503 338 3561 in
370 3503 550 3561 confessione
576 3500 688 3568 auditis
715 3501 787 3559 nihil
814 3519 939 3573 unquam
966 3501 1084 3570 dicatur,
1111 3503 1168 3560 nisi

86 3603 258 3669 trudentiori
271 3602 392 3661 consilio
411 3600 567 3680 indiguerit
585 3600 776 3659 confessarius
788 3592 812 3656 :⁴
832 3599 946 3672 quodsi
961 3601 1112 3676 contigerit
1123 3618 1170 3657 res

86 3703 134 3761 trit
146 3703 185 3760 ita
198 3702 385 3779 proponenda
397 3709 429 3759 11
441 3720 477 3759 11
497 3700 614 3773 quidem
634 3698 755 3759 divinari
768 3699 861 3775 possit
873 3698 1027 3773 poenitens,
1041 3706 1070 3753 et
1083 3696 1118 3753 de
1138 3714 1168 3754 re

86 3818 143 3873 luae
163 3801 259 3859 evenit
279 3801 421 3858 nesciatur
440 3818 507 3858 esse
525 3817 631 3857 sermo.
674 3799 707 3856 Si
728 3797 841 3874 scriptis
861 3794 1014 3853 consilium
1034 3802 1169 3869 expetere

86 3916 154 3975 >pus
180 3899 226 3967 sit,
253 3898 411 3958 cavendum
432 3918 468 3957 ne
495 3900 589 3972 aliqua
614 3896 770 3956 referantur
789 3912 827 3952 ex
853 3893 955 3966 quibus
981 3893 1171 3951 innotesceret

86 3997 232 4070 paenitens,
247 3998 273 4056 si
287 3998 359 4057 forte
373 3998 468 4071 aliqua
481 3999 511 4056 in
525 3998 644 4056 aliorum
658 4014 759 4057 manus
773 3991 947 4052 devenerint.
1033 3979 1036 3986 ’

120 4229 161 4297 (1)
180 4229 206 4280 S.
218 4231 295 4295 Alph.
307 4233 323 4281 1.
334 4233 366 4282 vi.
377 4249 403 4283 n.
415 4235 472 4282 643.
695 4229 738 4295 (2)
757 4225 857 4276 Ibidem.

121 4313 161 4382 (3)
179 4313 290 4366 Iavin.
302 4318 359 4365 641.
692 4313 735 4379 (4)
755 4307 1126 4376 commendarentur.
