2640 4860
186 411 243 468 lod
529 407 587 468 DE
609 405 921 469 CONFESSIONE.

221 584 271 641 td.
292 579 325 638 si
338 577 404 651 quis
417 575 529 634 noverit
546 593 579 633 se
601 584 750 653 peccatum
770 576 887 636 mortale
907 575 1073 663 admisisse,
1094 577 1147 639 sed
1166 579 1265 639 dubitet

180 690 275 741 utrum
296 675 367 736 illud
381 677 444 753 jam
464 674 615 733 consessus
634 675 681 742 sit,
702 673 761 733 iere
781 693 884 735 omnes
902 666 1085 741 whom:
1097 679 1168 739 illud
1182 678 1267 739 decl*

181 778 313 846 randum,
336 794 391 834 nec
413 775 489 833 enim
512 781 624 832 constat
642 791 709 831 eum
728 774 797 832 satis
810 772 1101 859 fecisseottsr‘it'lo'od
1113 777 1190 838 certo
1204 796 1265 842 non·

182 880 277 937 traxit.
319 874 464 933 Ceterum
489 873 515 931 si
540 871 689 951 diligenter
713 876 874 933 excusserit
898 882 983 933 antea
1004 877 1220 945 conscientiam,
1241 886 1266 935 st

70 970 73 977 '
181 975 358 1037 confessario
371 973 508 1052 panderit,
523 972 690 1048 plerumque
702 972 922 1032 existimandum
936 984 981 1033 est
993 974 1065 1033 illud
1078 977 1169 1035 fuisse
1182 976 1268 1053 expli·

182 1085 287 1144 catum,
313 1074 360 1133 vel
384 1073 484 1132 saltem
516 1090 577 1129 rem
604 1070 759 1148 specialem
790 1073 917 1148 generali
943 1073 1067 1146 quadam
1093 1077 1268 1135 accusatione

182 1175 338 1235 inclusam:
360 1171 437 1246 quod
450 1164 609 1253 presertim
620 1169 837 1248 intelligendum
857 1180 902 1231 est
919 1166 964 1231 ds-
974 1173 1032 1251 piis
1044 1173 1210 1234 hominibus
1224 1173 1269 1248 qui

138 1314 160 1345 2,
184 1276 272 1337 nimis
297 1280 437 1350 anguntur
456 1269 490 1327 de
516 1250 748 1349 echionibus
769 1272 900 1348 peractis.
939 1254 1186 1334 ¹Ad'conscientiac
1199 1283 1269 1332 tran

119 1354 359 1475 ffiildtatem,
378 1388 441 1443 quae
457 1377 523 1445 post
542 1364 755 1429 confessionem
774 1370 1103 1447 generalemmemoriae
1124 1366 1290 1434 occurrunt

95 1454 115 1475 ³
124 1472 164 1517 ''⁶-
180 1460 318 1532 't‘l'rtcactoe
332 1472 395 1527 vitae
410 1477 537 1546 peccata,
551 1478 672 1546 possunt
680 1467 816 1546 deinceps
826 1467 988 1528 confitendo
1001 1473 1146 1531 enarrari:
1161 1470 1270 1546 quodsi

184 1572 289 1648 sapius
302 1576 446 1628 recurrant
465 1586 531 1626 cnm
550 1568 653 1627 mentis
675 1566 864 1636 solicitudine,
885 1568 1056 1645 plerumque
1075 1569 1268 1648 prohibendus

181 1671 235 1729 erit
247 1669 388 1747 poeuitens
409 1667 516 1740 aliquid
539 1668 651 1735 referre,
666 1666 743 1740 quod
756 1674 819 1725 ante
833 1667 1044 1727 consessionem
1058 1669 1191 1730 ultimam
1204 1689 1267 1729 cou-
1312 1736 1318 1753 .

181 1768 252 1846 c'git,
266 1768 323 1828 nisi
336 1755 429 1826 certus
443 1768 561 1826 omnino
574 1767 612 1825 sit
623 1764 692 1824 illud
706 1765 794 1825 luisse
808 1767 958 1826 omissum.

221 1873 271 1927 ⁶7.
292 1867 414 1928 Peccata
426 1867 555 1925 mortalia
568 1863 644 1924 ccrtd
657 1864 791 1934 admissa,
805 1885 868 1940 quae
881 1868 945 1940 quis
959 1867 1105 1928 oblivione
1119 1869 1167 1928 vel
1176 1887 1269 1928 neces·

181 1967 264 2029 sitate
275 1968 404 2027 omiserit
416 1967 554 2033 confiteri,
568 1974 636 2022 suat
648 1963 784 2043 deinceps
799 1964 977 2036 declaranda,
991 1966 1060 2026 licet
1071 1987 1174 2028 eornm
1190 1969 1270 2029 senia

181 2085 246 2126 cum
260 2068 369 2126 ceteris
379 2068 441 2143 jam
456 2066 603 2140 impetrata
616 2062 716 2122 suerit:
738 2084 804 2123 nam
817 2073 861 2123 est
874 2075 1048 2144 preceptum
1061 2067 1192 2127 divinum
1206 2058 1270 2144 pec·

181 2173 242 2221 cata
254 2165 349 2223 omnia
361 2173 426 2240 post
439 2163 609 2239 baptismum
623 2161 748 2220 admissa
760 2164 932 2243 subjiciendi
941 2164 1053 2242 judicio
1061 2161 1270 2227 sacerdotum}

180 2259 259 2319 Hinc
284 2260 430 2320 damnavit
447 2259 610 2319 Alexander
630 2261 699 2319 VII.
725 2264 969 2339 propositionem:
992 2265 1149 2324 “Peccata
1161 2267 1192 2324 iu
1205 2285 1270 2327 oon·

179 2357 304 2418 sessione
317 2361 435 2427 omissa,
452 2377 504 2417 seu
526 2359 612 2418 oblita
631 2361 668 2419 ob
682 2360 792 2419 instans
812 2362 876 2419 vita
889 2363 1058 2439 periculum,
1072 2374 1121 2423 aut
1133 2367 1171 2424 cb
1185 2354 1269 2425 allelu

179 2477 304 2529 causam,
319 2479 378 2519 non
399 2469 529 2517 tenemur
549 2460 578 2518 in
601 2461 734 2532 sequenti
753 2461 935 2520 consessione
958 2460 1172 2538 supr-iruere.''²
1212 2465 1269 2532 Qui

178 2571 359 2636 peccatorum
379 2577 528 2623 numerum
551 2567 636 2635 prout
655 2560 746 2635 potnit
764 2559 868 2628 retulit,
888 2580 947 2620 non
970 2571 1082 2621 tenetur
1100 2564 1270 2640 plerumque

178 2661 381 2720 accuratiorem
395 2677 554 2726 nnmerum,
566 2658 614 2731 qui
625 2644 769 2717 memoria
783 2658 918 2737 deinceps
928 2661 1059 2729 occurrit,
1073 2663 1189 2732 referre,
1199 2680 1268 2722 nam

175 2759 236 2835 jam
251 2760 387 2818 satisfecit
395 2759 485 2826 oneri,
496 2766 524 2814 et
533 2757 724 2815 confessarius
729 2758 870 2834 judicavit
882 2759 918 2817 de
928 2778 1048 2819 numero
1058 2763 1268 2830 verosimiliori‚

137 2872 142 2885 ·
179 2859 273 2934 potius
287 2878 372 2932 quam
385 2866 478 2915 certo:
501 2856 551 2914 sed
566 2858 591 2914 si
606 2855 687 2914 valde
700 2852 813 2914 differat
832 2876 968 2917 numerus
991 2877 1076 2919 verus
1097 2862 1134 2919 ab
1146 2863 1268 2921 aestima·

178 2958 255 3015 tione
269 2957 352 3026 facta,
367 2957 451 3015 debet
463 2975 541 3014 error
554 2955 667 3032 corrigi.
708 2954 755 3014 Ad
768 2955 993 3037 circumstantias
1006 2959 1194 3036 supplendas,
1209 2961 1267 3038 ple·

177 3074 298 3128 rumque
324 3075 443 3115 necesse
470 3073 527 3113 non
552 3064 596 3113 est
614 3063 762 3130 peccatum
782 3056 885 3115 iterum
910 3058 1048 3126 confiteri,
1066 3056 1266 3138 :tisispsciem

178 3155 261 3212 aliam
276 3155 425 3213 inducant:
452 3174 487 3211 v:
502 3173 537 3230 g:
560 3153 637 3226 quod
663 3155 727 3226 quis
750 3173 782 3212 se
802 3155 986 3232 impudicitia:
1012 3144 1197 3228 ineusnfflt,
1218 3160 1267 3234 qni

176 3253 302 3311 incestus
325 3273 390 3311 reus
411 3261 486 3319 erat:
514 3253 559 3310 vel
579 3252 757 3328 pollutionis,
784 3273 873 3327 quum
899 3256 1017 3315 immani
1037 3257 1147 3317 scelere
1162 3260 1266 3318 'bestie

175 3352 350 3408 consortium
370 3351 545 3423 quaesiisset:
568 3351 614 3408 vel
633 3351 683 3423 qui
703 3353 840 3413 malarum
860 3354 1063 3434 cogitationum
1082 3375 1115 3414 se
1131 3376 1212 3417 reum
1225 3377 1266 3417 re·

175 3448 295 3517 tulisset,
316 3449 423 3507 omissa
442 3449 617 3525 pollutionis,
639 3468 725 3522 qnam
747 3452 873 3524 admisit,
891 3455 1047 3515 mendene.
1090 3456 1149 3523 Qui
1172 3458 1268 3517 retulit

175 3557 321 3625 peccatum
335 3557 478 3621 tamquam
493 3547 620 3617 dubium,
645 3537 730 3622 quod
742 3542 1007 3633 deincepsli‘artam
1020 3572 1086 3612 esse
1100 3556 1264 3616 recordatus

175 3657 226 3717 est,
241 3647 324 3707 debet
336 3647 407 3706 illud
419 3648 522 3706 iterum
544 3648 648 3707 referre
672 3661 816 3724 tamquam
836 3662 962 3725 certum,
975 3654 1047 3725 nam
1070 3653 1105 3712 de
1120 3634 1265 3733 ipsissi-
1294 3712 1301 3729 ,,

175 3750 276 3808 stantia
288 3749 475 3807 accusationis
488 3749 590 3825 agitur,
605 3768 694 3822 quum
707 3761 816 3809 certum
830 3770 846 3808 a
858 3738 945 3821 dublo
956 3714 1045 3831 longa
1057 3752 1154 3814 distet.
1173 3776 1186 3791 ··
1197 3728 1219 3765 '⁰

367 3991 409 4057 (l)
429 3989 493 4040 Vide
504 3990 530 4039 S.
542 3988 633 4040 Thom.
643 3989 670 4039 in
679 3989 710 4039 iv.
719 3989 773 4043 dist
784 3990 835 4042 xxi.
847 4008 889 4056 qu.
897 3991 922 4042 ii.
931 3998 974 4042 art
986 3991 1011 4042 ii.
1023 3992 1054 4043 ad
1064 3993 1081 4042 i.

354 4076 410 4142 ·(a)
428 4076 474 4126 xl.
485 4075 690 4127 metusmetus
1134 4070 1139 4075 ’
