<?xml version="1.0" encoding="UTF-8"?>
<!DOCTYPE html PUBLIC "-//W3C//DTD XHTML 1.0 Transitional//EN"
    "http://www.w3.org/TR/xhtml1/DTD/xhtml1-transitional.dtd">
<html xmlns="http://www.w3.org/1999/xhtml" xml:lang="en" lang="en">
 <head>
  <title>
</title>
<meta http-equiv="Content-Type" content="text/html;charset=utf-8" />
  <meta name='ocr-system' content='tesseract 3.04.00' />
  <meta name='ocr-capabilities' content='ocr_page ocr_carea ocr_par ocr_line ocrx_word'/>
</head>
<body>
  <div class='ocr_page' id='page_1' title='image "./theologiaemoral01kenrgoog_0196.png"; bbox 0 0 2640 4860; ppageno 0'>
   <div class='ocr_carea' id='block_1_1' title="bbox 320 341 1155 452">
    <p class='ocr_par' dir='ltr' id='par_1_1' title="bbox 320 341 1155 452">
     <span class='ocr_line' id='line_1_1' title="bbox 320 341 1155 452; baseline 0.002 -4"><span class='ocrx_word' id='word_1_1' title='bbox 320 385 377 448; x_wconf 82' lang='lat' dir='ltr'>nn</span> <span class='ocrx_word' id='word_1_2' title='bbox 398 385 564 447; x_wconf 80' lang='lat' dir='ltr'>srornno</span> <span class='ocrx_word' id='word_1_3' title='bbox 585 385 903 449; x_wconf 83' lang='lat' dir='ltr'>consnssroms.</span> <span class='ocrx_word' id='word_1_4' title='bbox 1062 341 1070 349; x_wconf 58' lang='grc'><em>’</em></span> <span class='ocrx_word' id='word_1_5' title='bbox 1098 393 1155 452; x_wconf 78' lang='grc' dir='ltr'>ιιι</span> 
     </span>
    </p>
   </div>
   <div class='ocr_carea' id='block_1_2' title="bbox 57 552 1185 4002">
    <p class='ocr_par' dir='ltr' id='par_1_2' title="bbox 57 552 1185 3900">
     <span class='ocr_line' id='line_1_2' title="bbox 60 552 1153 632; baseline 0.001 -19"><span class='ocrx_word' id='word_1_6' title='bbox 60 555 231 632; x_wconf 81' lang='lat' dir='ltr'>contigerit:</span> <span class='ocrx_word' id='word_1_7' title='bbox 253 571 319 611; x_wconf 90' lang='lat' dir='ltr'>nam</span> <span class='ocrx_word' id='word_1_8' title='bbox 332 572 369 612; x_wconf 87' lang='lat' dir='ltr'>ex</span> <span class='ocrx_word' id='word_1_9' title='bbox 382 554 445 631; x_wconf 86' lang='lat' dir='ltr'>lege</span> <span class='ocrx_word' id='word_1_10' title='bbox 456 552 577 622; x_wconf 82' lang='lat' dir='ltr'>Christi,</span> <span class='ocrx_word' id='word_1_11' title='bbox 592 573 649 628; x_wconf 90' lang='lat' dir='ltr'>qua</span> <span class='ocrx_word' id='word_1_12' title='bbox 660 554 805 614; x_wconf 79' lang='lat' dir='ltr'><strong>consessio</strong></span> <span class='ocrx_word' id='word_1_13' title='bbox 818 555 990 632; x_wconf 76' lang='lat' dir='ltr'>praecipitur,</span> <span class='ocrx_word' id='word_1_14' title='bbox 1004 554 1153 624; x_wconf 85' lang='lat' dir='ltr'>derivatur,</span> 
     </span>
     <span class='ocr_line' id='line_1_3' title="bbox 62 652 1155 731; baseline 0.002 -20"><span class='ocrx_word' id='word_1_15' title='bbox 62 664 92 711; x_wconf 94' lang='grc' dir='ltr'>ει</span> <span class='ocrx_word' id='word_1_16' title='bbox 108 653 231 730; x_wconf 84' lang='lat' dir='ltr'>proinde</span> <span class='ocrx_word' id='word_1_17' title='bbox 248 652 333 726; x_wconf 77' lang='lat' dir='ltr'>debet</span> <span class='ocrx_word' id='word_1_18' title='bbox 345 654 451 731; x_wconf 84' lang='lat' dir='ltr'>vigere,</span> <span class='ocrx_word' id='word_1_19' title='bbox 471 653 520 711; x_wconf 87' lang='lat' dir='ltr'>ubi</span> <span class='ocrx_word' id='word_1_20' title='bbox 540 652 597 729; x_wconf 87' lang='lat' dir='ltr'>legi</span> <span class='ocrx_word' id='word_1_21' title='bbox 610 654 678 712; x_wconf 91' lang='lat' dir='ltr'>huic</span> <span class='ocrx_word' id='word_1_22' title='bbox 691 655 881 730; x_wconf 79' lang='lat' dir='ltr'>obtemperari</span> <span class='ocrx_word' id='word_1_23' title='bbox 893 663 1034 713; x_wconf 88' lang='lat' dir='ltr'>censetur.</span> <span class='ocrx_word' id='word_1_24' title='bbox 1077 654 1155 713; x_wconf 90' lang='lat' dir='ltr'>Hinc</span> 
     </span>
     <span class='ocr_line' id='line_1_4' title="bbox 62 750 1155 830; baseline 0 -19"><span class='ocrx_word' id='word_1_25' title='bbox 62 771 128 826; x_wconf 79' lang='lat' dir='ltr'>quae</span> <span class='ocrx_word' id='word_1_26' title='bbox 142 751 275 811; x_wconf 86' lang='lat' dir='ltr'>dicuntur</span> <span class='ocrx_word' id='word_1_27' title='bbox 288 753 319 810; x_wconf 88' lang='lat' dir='ltr'>in</span> <span class='ocrx_word' id='word_1_28' title='bbox 331 752 524 819; x_wconf 87' lang='lat' dir='ltr'>confessione,</span> <span class='ocrx_word' id='word_1_29' title='bbox 539 751 606 809; x_wconf 86' lang='lat' dir='ltr'>licet</span> <span class='ocrx_word' id='word_1_30' title='bbox 619 750 727 825; x_wconf 79' lang='lat' dir='ltr'>absque</span> <span class='ocrx_word' id='word_1_31' title='bbox 740 754 901 810; x_wconf 87' lang='lat' dir='ltr'>necessaria</span> <span class='ocrx_word' id='word_1_32' title='bbox 914 753 1003 812; x_wconf 90' lang='lat' dir='ltr'>animi</span> <span class='ocrx_word' id='word_1_33' title='bbox 1016 754 1155 830; x_wconf 85' lang='lat' dir='ltr'>poeniten·</span> 
     </span>
     <span class='ocr_line' id='line_1_5' title="bbox 63 849 1155 920; baseline 0.002 -11"><span class='ocrx_word' id='word_1_34' title='bbox 63 852 111 920; x_wconf 90' lang='lat' dir='ltr'>tia,</span> <span class='ocrx_word' id='word_1_35' title='bbox 136 861 202 910; x_wconf 87' lang='lat' dir='ltr'>sunt</span> <span class='ocrx_word' id='word_1_36' title='bbox 222 851 336 909; x_wconf 89' lang='lat' dir='ltr'>silentio</span> <span class='ocrx_word' id='word_1_37' title='bbox 358 849 512 910; x_wconf 88' lang='lat' dir='ltr'>servanda:</span> <span class='ocrx_word' id='word_1_38' title='bbox 536 850 708 910; x_wconf 87' lang='lat' dir='ltr'>“consessio</span> <span class='ocrx_word' id='word_1_39' title='bbox 729 870 788 910; x_wconf 89' lang='lat' dir='ltr'>non</span> <span class='ocrx_word' id='word_1_40' title='bbox 802 851 906 909; x_wconf 89' lang='lat' dir='ltr'>desinit</span> <span class='ocrx_word' id='word_1_41' title='bbox 919 870 983 909; x_wconf 90' lang='lat' dir='ltr'>esse</span> <span class='ocrx_word' id='word_1_42' title='bbox 996 870 1155 911; x_wconf 86' lang='lat' dir='ltr'>sacramen·</span> 
     </span>
     <span class='ocr_line' id='line_1_6' title="bbox 63 948 1155 1027; baseline 0.001 -19"><span class='ocrx_word' id='word_1_43' title='bbox 63 951 140 1018; x_wconf 87' lang='lat' dir='ltr'>talis,</span> <span class='ocrx_word' id='word_1_44' title='bbox 155 950 285 1023; x_wconf 90' lang='lat' dir='ltr'>quamvis</span> <span class='ocrx_word' id='word_1_45' title='bbox 299 950 347 1007; x_wconf 88' lang='lat' dir='ltr'>illo</span> <span class='ocrx_word' id='word_1_46' title='bbox 367 951 416 1023; x_wconf 94' lang='lat' dir='ltr'>qui</span> <span class='ocrx_word' id='word_1_47' title='bbox 437 949 596 1016; x_wconf 85' lang='lat' dir='ltr'>confitetur,</span> <span class='ocrx_word' id='word_1_48' title='bbox 621 948 848 1007; x_wconf 82' lang='lat' dir='ltr'>emendationem</span> <span class='ocrx_word' id='word_1_49' title='bbox 871 968 928 1008; x_wconf 92' lang='lat' dir='ltr'>non</span> <span class='ocrx_word' id='word_1_50' title='bbox 948 961 1104 1027; x_wconf 87' lang='lat' dir='ltr'>proponat:</span> <span class='ocrx_word' id='word_1_51' title='bbox 1126 960 1155 1009; x_wconf 92' lang='lat' dir='ltr'>et</span> 
     </span>
     <span class='ocr_line' id='line_1_7' title="bbox 63 1043 1155 1122; baseline 0.003 -16"><span class='ocrx_word' id='word_1_52' title='bbox 63 1048 131 1108; x_wconf 90' lang='lat' dir='ltr'>ideo</span> <span class='ocrx_word' id='word_1_53' title='bbox 144 1049 331 1107; x_wconf 80' lang='lat' dir='ltr'>nihilominus</span> <span class='ocrx_word' id='word_1_54' title='bbox 345 1050 398 1107; x_wconf 91' lang='lat' dir='ltr'>sub</span> <span class='ocrx_word' id='word_1_55' title='bbox 410 1048 521 1106; x_wconf 90' lang='lat' dir='ltr'>occulto</span> <span class='ocrx_word' id='word_1_56' title='bbox 536 1048 657 1106; x_wconf 86' lang='lat' dir='ltr'>tenenda</span> <span class='ocrx_word' id='word_1_57' title='bbox 669 1043 760 1105; x_wconf 87' lang='lat' dir='ltr'>est.&#39;’l</span> <span class='ocrx_word' id='word_1_58' title='bbox 791 1048 825 1106; x_wconf 91' lang='lat' dir='ltr'>In</span> <span class='ocrx_word' id='word_1_59' title='bbox 839 1049 926 1107; x_wconf 92' lang='lat' dir='ltr'>dubio</span> <span class='ocrx_word' id='word_1_60' title='bbox 939 1058 1032 1107; x_wconf 89' lang='lat' dir='ltr'>utrum</span> <span class='ocrx_word' id='word_1_61' title='bbox 1047 1049 1155 1122; x_wconf 92' lang='lat' dir='ltr'>aliquid</span> 
     </span>
     <span class='ocr_line' id='line_1_8' title="bbox 62 1146 1154 1225; baseline 0.002 -19"><span class='ocrx_word' id='word_1_62' title='bbox 62 1147 171 1206; x_wconf 89' lang='lat' dir='ltr'>dietum</span> <span class='ocrx_word' id='word_1_63' title='bbox 186 1148 225 1204; x_wconf 87' lang='lat' dir='ltr'>sit</span> <span class='ocrx_word' id='word_1_64' title='bbox 236 1149 266 1205; x_wconf 92' lang='lat' dir='ltr'>in</span> <span class='ocrx_word' id='word_1_65' title='bbox 278 1146 377 1206; x_wconf 91' lang='lat' dir='ltr'>ordine</span> <span class='ocrx_word' id='word_1_66' title='bbox 399 1147 435 1206; x_wconf 91' lang='lat' dir='ltr'>ad</span> <span class='ocrx_word' id='word_1_67' title='bbox 455 1147 677 1215; x_wconf 86' lang='lat' dir='ltr'>confessionem,</span> <span class='ocrx_word' id='word_1_68' title='bbox 693 1148 883 1206; x_wconf 86' lang='lat' dir='ltr'>confessarius</span> <span class='ocrx_word' id='word_1_69' title='bbox 905 1156 1015 1206; x_wconf 90' lang='lat' dir='ltr'>tenetur</span> <span class='ocrx_word' id='word_1_70' title='bbox 1028 1147 1063 1205; x_wconf 91' lang='lat' dir='ltr'>ad</span> <span class='ocrx_word' id='word_1_71' title='bbox 1076 1149 1154 1225; x_wconf 81' lang='lat' dir='ltr'>sigil-</span> 
     </span>
     <span class='ocr_line' id='line_1_9' title="bbox 64 1229 1155 1324; baseline 0.004 -22"><span class='ocrx_word' id='word_1_72' title='bbox 64 1239 152 1313; x_wconf 75' lang='grc' dir='ltr'>Ιιιιιι,2</span> <span class='ocrx_word' id='word_1_73' title='bbox 164 1248 234 1319; x_wconf 90' lang='lat' dir='ltr'>quia</span> <span class='ocrx_word' id='word_1_74' title='bbox 253 1246 377 1319; x_wconf 90' lang='lat' dir='ltr'>alioquin</span> <span class='ocrx_word' id='word_1_75' title='bbox 405 1247 549 1304; x_wconf 85' lang='lat' dir='ltr'>confessio</span> <span class='ocrx_word' id='word_1_76' title='bbox 570 1229 782 1314; x_wconf 36' lang='lat' dir='ltr'>fieret&#39;odiosa,</span> <span class='ocrx_word' id='word_1_77' title='bbox 805 1257 833 1305; x_wconf 90' lang='lat' dir='ltr'>et</span> <span class='ocrx_word' id='word_1_78' title='bbox 853 1248 957 1324; x_wconf 89' lang='lat' dir='ltr'>injuria</span> <span class='ocrx_word' id='word_1_79' title='bbox 978 1246 1061 1304; x_wconf 87' lang='lat' dir='ltr'>facile</span> <span class='ocrx_word' id='word_1_80' title='bbox 1074 1246 1155 1306; x_wconf 87' lang='lat' dir='ltr'>tieret</span> 
     </span>
     <span class='ocr_line' id='line_1_10' title="bbox 64 1345 1154 1424; baseline 0.001 -22"><span class='ocrx_word' id='word_1_81' title='bbox 64 1346 224 1421; x_wconf 69' lang='lat' dir='ltr'>poenitenti.</span> <span class='ocrx_word' id='word_1_82' title='bbox 266 1345 337 1411; x_wconf 76' lang='lat' dir='ltr'>Quae</span> <span class='ocrx_word' id='word_1_83' title='bbox 360 1345 491 1404; x_wconf 90' lang='lat' dir='ltr'>dicuntur</span> <span class='ocrx_word' id='word_1_84' title='bbox 515 1346 656 1403; x_wconf 87' lang='lat' dir='ltr'>sacerdoti</span> <span class='ocrx_word' id='word_1_85' title='bbox 676 1347 800 1414; x_wconf 78' lang='lat' dir='ltr'>cuilibet,</span> <span class='ocrx_word' id='word_1_86' title='bbox 821 1347 933 1406; x_wconf 89' lang='lat' dir='ltr'>etiamsi</span> <span class='ocrx_word' id='word_1_87' title='bbox 954 1345 1154 1424; x_wconf 87' lang='lat' dir='ltr'>jurisdictione</span> 
     </span>
     <span class='ocr_line' id='line_1_11' title="bbox 65 1443 1185 1522; baseline -0.004 -20"><span class='ocrx_word' id='word_1_88' title='bbox 65 1443 186 1520; x_wconf 87' lang='lat' dir='ltr'>privato,</span> <span class='ocrx_word' id='word_1_89' title='bbox 210 1444 264 1502; x_wconf 91' lang='lat' dir='ltr'>sub</span> <span class='ocrx_word' id='word_1_90' title='bbox 284 1445 379 1521; x_wconf 87' lang='lat' dir='ltr'>sigillo</span> <span class='ocrx_word' id='word_1_91' title='bbox 399 1445 513 1511; x_wconf 87' lang='lat' dir='ltr'>cadunt,</span> <span class='ocrx_word' id='word_1_92' title='bbox 535 1443 689 1503; x_wconf 89' lang='lat' dir='ltr'>dummodo</span> <span class='ocrx_word' id='word_1_93' title='bbox 711 1455 805 1504; x_wconf 87' lang='lat' dir='ltr'>tamen</span> <span class='ocrx_word' id='word_1_94' title='bbox 827 1447 979 1522; x_wconf 89' lang='lat' dir='ltr'>poenitens,</span> <span class='ocrx_word' id='word_1_95' title='bbox 993 1462 1043 1503; x_wconf 94' lang='grc' dir='ltr'>εειι</span> <span class='ocrx_word' id='word_1_96' title='bbox 1059 1463 1156 1504; x_wconf 89' lang='lat' dir='ltr'>crasso</span> <span class='ocrx_word' id='word_1_97' title='bbox 1181 1488 1185 1497; x_wconf 94' lang='lat'>.</span> 
     </span>
     <span class='ocr_line' id='line_1_12' title="bbox 63 1543 1155 1621; baseline 0.003 -21"><span class='ocrx_word' id='word_1_98' title='bbox 63 1561 168 1610; x_wconf 87' lang='lat' dir='ltr'>errore,</span> <span class='ocrx_word' id='word_1_99' title='bbox 183 1545 331 1602; x_wconf 89' lang='lat' dir='ltr'>seuanimi</span> <span class='ocrx_word' id='word_1_100' title='bbox 351 1545 518 1621; x_wconf 81' lang='lat' dir='ltr'>pertinacia,</span> <span class='ocrx_word' id='word_1_101' title='bbox 537 1561 604 1600; x_wconf 91' lang='lat' dir='ltr'>eum</span> <span class='ocrx_word' id='word_1_102' title='bbox 624 1543 727 1602; x_wconf 88' lang='lat' dir='ltr'>habeat</span> <span class='ocrx_word' id='word_1_103' title='bbox 747 1545 834 1602; x_wconf 88' lang='lat' dir='ltr'>veluti</span> <span class='ocrx_word' id='word_1_104' title='bbox 856 1563 967 1604; x_wconf 87' lang='lat' dir='ltr'>sacrum</span> <span class='ocrx_word' id='word_1_105' title='bbox 983 1544 1155 1621; x_wconf 83' lang='lat' dir='ltr'>judicem,a</span> 
     </span>
     <span class='ocr_line' id='line_1_13' title="bbox 66 1640 1154 1720; baseline 0.002 -19"><span class='ocrx_word' id='word_1_106' title='bbox 66 1661 122 1714; x_wconf 89' lang='lat' dir='ltr'>quo</span> <span class='ocrx_word' id='word_1_107' title='bbox 136 1645 247 1719; x_wconf 85' lang='lat' dir='ltr'>expetit</span> <span class='ocrx_word' id='word_1_108' title='bbox 259 1643 483 1702; x_wconf 82' lang='lat' dir='ltr'>absolutionem:</span> <span class='ocrx_word' id='word_1_109' title='bbox 506 1640 563 1700; x_wconf 83' lang='lat' dir='ltr'>imb</span> <span class='ocrx_word' id='word_1_110' title='bbox 584 1660 646 1713; x_wconf 87' lang='lat' dir='ltr'>quae</span> <span class='ocrx_word' id='word_1_111' title='bbox 669 1643 769 1711; x_wconf 87' lang='lat' dir='ltr'>laicus,</span> <span class='ocrx_word' id='word_1_112' title='bbox 792 1644 903 1720; x_wconf 88' lang='lat' dir='ltr'>fingens</span> <span class='ocrx_word' id='word_1_113' title='bbox 923 1662 955 1702; x_wconf 89' lang='lat' dir='ltr'>se</span> <span class='ocrx_word' id='word_1_114' title='bbox 968 1643 1154 1712; x_wconf 86' lang='lat' dir='ltr'>sacerdotem,</span> 
     </span>
     <span class='ocr_line' id='line_1_14' title="bbox 64 1715 1153 1819; baseline 0.004 -21"><span class='ocrx_word' id='word_1_115' title='bbox 64 1723 226 1817; x_wconf 18' lang='lat' dir='ltr'>excipit-in</span> <span class='ocrx_word' id='word_1_116' title='bbox 251 1743 393 1810; x_wconf 88' lang='lat' dir='ltr'>tribunali,</span> <span class='ocrx_word' id='word_1_117' title='bbox 417 1742 577 1799; x_wconf 85' lang='lat' dir='ltr'>arctissimo</span> <span class='ocrx_word' id='word_1_118' title='bbox 599 1759 702 1799; x_wconf 88' lang='lat' dir='ltr'>arcano</span> <span class='ocrx_word' id='word_1_119' title='bbox 723 1743 879 1819; x_wconf 88' lang='lat' dir='ltr'>subjacent.</span> <span class='ocrx_word' id='word_1_120' title='bbox 921 1743 948 1802; x_wconf 87' lang='lat' dir='ltr'>E</span> <span class='ocrx_word' id='word_1_121' title='bbox 972 1753 1071 1802; x_wconf 91' lang='lat' dir='ltr'>contra</span> <span class='ocrx_word' id='word_1_122' title='bbox 1091 1715 1153 1816; x_wconf 66' lang='lat' dir='ltr'>qud</span> 
     </span>
     <span class='ocr_line' id='line_1_15' title="bbox 65 1839 1155 1918; baseline 0.002 -20"><span class='ocrx_word' id='word_1_123' title='bbox 65 1841 201 1900; x_wconf 87' lang='lat' dir='ltr'>dicuntur</span> <span class='ocrx_word' id='word_1_124' title='bbox 213 1841 362 1900; x_wconf 83' lang='lat' dir='ltr'>manifesto</span> <span class='ocrx_word' id='word_1_125' title='bbox 376 1841 499 1899; x_wconf 83' lang='lat' dir='ltr'>oonsilio</span> <span class='ocrx_word' id='word_1_126' title='bbox 512 1839 664 1899; x_wconf 89' lang='lat' dir='ltr'>inducendi</span> <span class='ocrx_word' id='word_1_127' title='bbox 686 1841 859 1899; x_wconf 80' lang='lat' dir='ltr'>sacerdotem</span> <span class='ocrx_word' id='word_1_128' title='bbox 873 1841 908 1899; x_wconf 90' lang='lat' dir='ltr'>ad</span> <span class='ocrx_word' id='word_1_129' title='bbox 923 1851 1081 1918; x_wconf 87' lang='lat' dir='ltr'>peccatum,</span> <span class='ocrx_word' id='word_1_130' title='bbox 1096 1861 1155 1901; x_wconf 91' lang='lat' dir='ltr'>non</span> 
     </span>
     <span class='ocr_line' id='line_1_16' title="bbox 64 1939 1154 2016; baseline 0.001 -19"><span class='ocrx_word' id='word_1_131' title='bbox 64 1940 170 1999; x_wconf 87' lang='lat' dir='ltr'>cadunt</span> <span class='ocrx_word' id='word_1_132' title='bbox 182 1941 235 1998; x_wconf 89' lang='lat' dir='ltr'>sub</span> <span class='ocrx_word' id='word_1_133' title='bbox 248 1940 359 2016; x_wconf 86' lang='lat' dir='ltr'>sigillo:</span> <span class='ocrx_word' id='word_1_134' title='bbox 382 1939 431 1999; x_wconf 88' lang='lat' dir='ltr'>sed</span> <span class='ocrx_word' id='word_1_135' title='bbox 445 1940 604 1998; x_wconf 87' lang='lat' dir='ltr'>cavendum</span> <span class='ocrx_word' id='word_1_136' title='bbox 619 1958 654 1997; x_wconf 92' lang='lat' dir='ltr'>ne</span> <span class='ocrx_word' id='word_1_137' title='bbox 676 1939 783 2012; x_wconf 87' lang='lat' dir='ltr'>aliquid</span> <span class='ocrx_word' id='word_1_138' title='bbox 797 1941 947 1998; x_wconf 89' lang='lat' dir='ltr'>occasione</span> <span class='ocrx_word' id='word_1_139' title='bbox 961 1941 1154 2003; x_wconf 81' lang='lat' dir='ltr'>consessionis</span> 
     </span>
     <span class='ocr_line' id='line_1_17' title="bbox 62 2038 1154 2116; baseline 0.001 -20"><span class='ocrx_word' id='word_1_140' title='bbox 62 2041 220 2115; x_wconf 87' lang='lat' dir='ltr'>prolatum,</span> <span class='ocrx_word' id='word_1_141' title='bbox 234 2048 262 2096; x_wconf 91' lang='grc' dir='ltr'>ει</span> <span class='ocrx_word' id='word_1_142' title='bbox 273 2058 338 2097; x_wconf 90' lang='lat' dir='ltr'>oum</span> <span class='ocrx_word' id='word_1_143' title='bbox 352 2048 531 2116; x_wconf 88' lang='lat' dir='ltr'>peccatorum</span> <span class='ocrx_word' id='word_1_144' title='bbox 546 2038 727 2097; x_wconf 87' lang='lat' dir='ltr'>confessione</span> <span class='ocrx_word' id='word_1_145' title='bbox 737 2040 932 2116; x_wconf 89' lang='lat' dir='ltr'>conjunctum,</span> <span class='ocrx_word' id='word_1_146' title='bbox 944 2050 1051 2098; x_wconf 90' lang='lat' dir='ltr'>temere</span> <span class='ocrx_word' id='word_1_147' title='bbox 1064 2039 1154 2098; x_wconf 81' lang='lat' dir='ltr'>disul-</span> 
     </span>
     <span class='ocr_line' id='line_1_18' title="bbox 59 2138 1156 2217; baseline 0.001 -21"><span class='ocrx_word' id='word_1_148' title='bbox 59 2149 156 2216; x_wconf 84' lang='lat' dir='ltr'>getur,</span> <span class='ocrx_word' id='word_1_149' title='bbox 171 2138 220 2196; x_wconf 87' lang='lat' dir='ltr'>vix</span> <span class='ocrx_word' id='word_1_150' title='bbox 233 2139 310 2195; x_wconf 88' lang='lat' dir='ltr'>enim</span> <span class='ocrx_word' id='word_1_151' title='bbox 323 2138 385 2196; x_wconf 86' lang='lat' dir='ltr'>fieri</span> <span class='ocrx_word' id='word_1_152' title='bbox 398 2146 491 2214; x_wconf 90' lang='lat' dir='ltr'>potest</span> <span class='ocrx_word' id='word_1_153' title='bbox 504 2139 612 2196; x_wconf 88' lang='lat' dir='ltr'>mentio</span> <span class='ocrx_word' id='word_1_154' title='bbox 624 2138 665 2194; x_wconf 89' lang='lat' dir='ltr'>rei</span> <span class='ocrx_word' id='word_1_155' title='bbox 686 2158 748 2212; x_wconf 72' lang='lat' dir='ltr'>quas</span> <span class='ocrx_word' id='word_1_156' title='bbox 768 2139 797 2196; x_wconf 92' lang='lat' dir='ltr'>in</span> <span class='ocrx_word' id='word_1_157' title='bbox 812 2139 943 2198; x_wconf 89' lang='lat' dir='ltr'>tribunali</span> <span class='ocrx_word' id='word_1_158' title='bbox 964 2140 1094 2217; x_wconf 85' lang='lat' dir='ltr'>contigit,</span> <span class='ocrx_word' id='word_1_159' title='bbox 1108 2140 1156 2197; x_wconf 87' lang='lat' dir='ltr'>vel</span> 
     </span>
     <span class='ocr_line' id='line_1_19' title="bbox 60 2237 1154 2314; baseline 0.002 -19"><span class='ocrx_word' id='word_1_160' title='bbox 60 2237 203 2310; x_wconf 86' lang='lat' dir='ltr'>colloquii</span> <span class='ocrx_word' id='word_1_161' title='bbox 229 2237 334 2304; x_wconf 88' lang='lat' dir='ltr'>habiti,</span> <span class='ocrx_word' id='word_1_162' title='bbox 349 2239 456 2310; x_wconf 90' lang='lat' dir='ltr'>absque</span> <span class='ocrx_word' id='word_1_163' title='bbox 476 2237 656 2294; x_wconf 87' lang='lat' dir='ltr'>revelationis</span> <span class='ocrx_word' id='word_1_164' title='bbox 676 2238 848 2314; x_wconf 72' lang='lat' dir='ltr'>suspicione.</span> <span class='ocrx_word' id='word_1_165' title='bbox 890 2238 962 2305; x_wconf 82' lang='lat' dir='ltr'>Qua</span> <span class='ocrx_word' id='word_1_166' title='bbox 983 2249 1076 2297; x_wconf 89' lang='lat' dir='ltr'>autem</span> <span class='ocrx_word' id='word_1_167' title='bbox 1100 2239 1154 2297; x_wconf 92' lang='lat' dir='ltr'>sub</span> 
     </span>
     <span class='ocr_line' id='line_1_20' title="bbox 59 2336 1154 2414; baseline 0.002 -20"><span class='ocrx_word' id='word_1_168' title='bbox 59 2336 163 2414; x_wconf 86' lang='lat' dir='ltr'>sigillo</span> <span class='ocrx_word' id='word_1_169' title='bbox 183 2345 263 2393; x_wconf 86' lang='lat' dir='ltr'>extra</span> <span class='ocrx_word' id='word_1_170' title='bbox 286 2336 405 2394; x_wconf 90' lang='lat' dir='ltr'>tribunal</span> <span class='ocrx_word' id='word_1_171' title='bbox 426 2336 681 2404; x_wconf 90' lang='lat' dir='ltr'>communicantur,</span> <span class='ocrx_word' id='word_1_172' title='bbox 703 2339 805 2395; x_wconf 87' lang='lat' dir='ltr'>secreti</span> <span class='ocrx_word' id='word_1_173' title='bbox 825 2338 960 2396; x_wconf 86' lang='lat' dir='ltr'>naturalis</span> <span class='ocrx_word' id='word_1_174' title='bbox 974 2346 1081 2397; x_wconf 85' lang='lat' dir='ltr'>tantum</span> <span class='ocrx_word' id='word_1_175' title='bbox 1095 2339 1154 2396; x_wconf 89' lang='lat' dir='ltr'>vim</span> 
     </span>
     <span class='ocr_line' id='line_1_21' title="bbox 58 2434 1153 2511; baseline 0.004 -19"><span class='ocrx_word' id='word_1_176' title='bbox 58 2435 187 2493; x_wconf 84' lang='lat' dir='ltr'>habent:</span> <span class='ocrx_word' id='word_1_177' title='bbox 209 2452 274 2492; x_wconf 89' lang='lat' dir='ltr'>nam</span> <span class='ocrx_word' id='word_1_178' title='bbox 291 2435 446 2511; x_wconf 87' lang='lat' dir='ltr'>“sigillum</span> <span class='ocrx_word' id='word_1_179' title='bbox 460 2434 648 2493; x_wconf 87' lang='lat' dir='ltr'>confessionis</span> <span class='ocrx_word' id='word_1_180' title='bbox 662 2446 706 2493; x_wconf 91' lang='grc' dir='ltr'>εει</span> <span class='ocrx_word' id='word_1_181' title='bbox 718 2434 827 2506; x_wconf 89' lang='lat' dir='ltr'>aliquid</span> <span class='ocrx_word' id='word_1_182' title='bbox 840 2454 982 2494; x_wconf 86' lang='lat' dir='ltr'>annexum</span> <span class='ocrx_word' id='word_1_183' title='bbox 993 2455 1153 2496; x_wconf 88' lang='lat' dir='ltr'>sacramen·</span> 
     </span>
     <span class='ocr_line' id='line_1_22' title="bbox 61 2533 1154 2605; baseline -0.002 -12"><span class='ocrx_word' id='word_1_184' title='bbox 61 2536 114 2593; x_wconf 85' lang='lat' dir='ltr'>tali</span> <span class='ocrx_word' id='word_1_185' title='bbox 128 2533 319 2592; x_wconf 80' lang='lat' dir='ltr'>confessioni:</span> <span class='ocrx_word' id='word_1_186' title='bbox 342 2533 392 2590; x_wconf 91' lang='lat' dir='ltr'>sed</span> <span class='ocrx_word' id='word_1_187' title='bbox 412 2552 445 2591; x_wconf 92' lang='lat' dir='ltr'>ea</span> <span class='ocrx_word' id='word_1_188' title='bbox 465 2551 527 2605; x_wconf 81' lang='lat' dir='ltr'>quae</span> <span class='ocrx_word' id='word_1_189' title='bbox 548 2550 660 2589; x_wconf 85' lang='lat' dir='ltr'>annexa</span> <span class='ocrx_word' id='word_1_190' title='bbox 672 2542 739 2589; x_wconf 90' lang='lat' dir='ltr'>sunt</span> <span class='ocrx_word' id='word_1_191' title='bbox 752 2533 835 2591; x_wconf 87' lang='lat' dir='ltr'>alicui</span> <span class='ocrx_word' id='word_1_192' title='bbox 849 2543 1036 2600; x_wconf 87' lang='lat' dir='ltr'>sacramento,</span> <span class='ocrx_word' id='word_1_193' title='bbox 1050 2553 1107 2592; x_wconf 91' lang='lat' dir='ltr'>non</span> <span class='ocrx_word' id='word_1_194' title='bbox 1122 2553 1154 2591; x_wconf 89' lang='lat' dir='ltr'>se</span> 
     </span>
     <span class='ocr_line' id='line_1_23' title="bbox 57 2629 1154 2706; baseline -0.003 -14"><span class='ocrx_word' id='word_1_195' title='bbox 57 2631 224 2692; x_wconf 85' lang='lat' dir='ltr'>extendunt</span> <span class='ocrx_word' id='word_1_196' title='bbox 235 2632 306 2690; x_wconf 87' lang='lat' dir='ltr'>ultra</span> <span class='ocrx_word' id='word_1_197' title='bbox 320 2642 529 2690; x_wconf 89' lang='lat' dir='ltr'>sacramentum</span> <span class='ocrx_word' id='word_1_198' title='bbox 543 2630 629 2688; x_wconf 87' lang='lat' dir='ltr'>illud:</span> <span class='ocrx_word' id='word_1_199' title='bbox 650 2649 719 2706; x_wconf 83' lang='lat' dir='ltr'>ergo</span> <span class='ocrx_word' id='word_1_200' title='bbox 740 2629 867 2706; x_wconf 85' lang='lat' dir='ltr'>sigillum</span> <span class='ocrx_word' id='word_1_201' title='bbox 887 2631 1076 2689; x_wconf 85' lang='lat' dir='ltr'>consessionis</span> <span class='ocrx_word' id='word_1_202' title='bbox 1097 2651 1154 2691; x_wconf 92' lang='lat' dir='ltr'>non</span> 
     </span>
     <span class='ocr_line' id='line_1_24' title="bbox 59 2726 1155 2801; baseline -0.004 -9"><span class='ocrx_word' id='word_1_203' title='bbox 59 2753 96 2792; x_wconf 83' lang='lat' dir='ltr'>se</span> <span class='ocrx_word' id='word_1_204' title='bbox 118 2731 249 2791; x_wconf 82' lang='lat' dir='ltr'>extendit</span> <span class='ocrx_word' id='word_1_205' title='bbox 274 2732 330 2789; x_wconf 91' lang='lat' dir='ltr'>nisi</span> <span class='ocrx_word' id='word_1_206' title='bbox 355 2730 391 2789; x_wconf 95' lang='lat' dir='ltr'>ad</span> <span class='ocrx_word' id='word_1_207' title='bbox 415 2750 450 2789; x_wconf 92' lang='lat' dir='ltr'>ea</span> <span class='ocrx_word' id='word_1_208' title='bbox 475 2730 511 2790; x_wconf 92' lang='lat' dir='ltr'>de</span> <span class='ocrx_word' id='word_1_209' title='bbox 538 2730 645 2801; x_wconf 91' lang='lat' dir='ltr'>quibus</span> <span class='ocrx_word' id='word_1_210' title='bbox 671 2738 715 2787; x_wconf 89' lang='lat' dir='ltr'>est</span> <span class='ocrx_word' id='word_1_211' title='bbox 734 2729 942 2787; x_wconf 89' lang='lat' dir='ltr'>sacramentalis</span> <span class='ocrx_word' id='word_1_212' title='bbox 963 2726 1155 2788; x_wconf 72' lang='grc' dir='ltr'>εοιιΓεειίο.”3</span> 
     </span>
     <span class='ocr_line' id='line_1_25' title="bbox 62 2824 1155 2906; baseline -0.003 -16"><span class='ocrx_word' id='word_1_213' title='bbox 62 2832 145 2890; x_wconf 90' lang='lat' dir='ltr'>Hinc</span> <span class='ocrx_word' id='word_1_214' title='bbox 156 2824 221 2904; x_wconf 72' lang='lat' dir='ltr'>quse</span> <span class='ocrx_word' id='word_1_215' title='bbox 234 2831 392 2889; x_wconf 91' lang='lat' dir='ltr'>consulitur</span> <span class='ocrx_word' id='word_1_216' title='bbox 405 2850 421 2887; x_wconf 92' lang='lat' dir='ltr'>a</span> <span class='ocrx_word' id='word_1_217' title='bbox 433 2830 537 2906; x_wconf 91' lang='lat' dir='ltr'>puella,</span> <span class='ocrx_word' id='word_1_218' title='bbox 549 2841 581 2886; x_wconf 86' lang='grc' dir='ltr'>ιιι</span> <span class='ocrx_word' id='word_1_219' title='bbox 593 2835 693 2886; x_wconf 84' lang='grc' dir='ltr'>ιιοεειιι</span> <span class='ocrx_word' id='word_1_220' title='bbox 706 2846 764 2901; x_wconf 92' lang='lat' dir='ltr'>quo</span> <span class='ocrx_word' id='word_1_221' title='bbox 777 2827 864 2886; x_wconf 90' lang='lat' dir='ltr'>modo</span> <span class='ocrx_word' id='word_1_222' title='bbox 877 2839 1024 2904; x_wconf 89' lang='lat' dir='ltr'>peccatum</span> <span class='ocrx_word' id='word_1_223' title='bbox 1039 2828 1155 2902; x_wconf 91' lang='lat' dir='ltr'>aliquod</span> 
     </span>
     <span class='ocr_line' id='line_1_26' title="bbox 59 2926 1154 3004; baseline -0.004 -14"><span class='ocrx_word' id='word_1_224' title='bbox 59 2930 265 2990; x_wconf 86' lang='lat' dir='ltr'>declarandum</span> <span class='ocrx_word' id='word_1_225' title='bbox 287 2931 334 2998; x_wconf 90' lang='lat' dir='ltr'>sit,</span> <span class='ocrx_word' id='word_1_226' title='bbox 361 2937 500 2988; x_wconf 88' lang='lat' dir='ltr'>secretum</span> <span class='ocrx_word' id='word_1_227' title='bbox 521 2928 647 2985; x_wconf 88' lang='lat' dir='ltr'>naturale</span> <span class='ocrx_word' id='word_1_228' title='bbox 667 2945 779 2984; x_wconf 87' lang='lat' dir='ltr'>servare</span> <span class='ocrx_word' id='word_1_229' title='bbox 798 2926 891 2991; x_wconf 75' lang='lat' dir='ltr'>doben</span> <span class='ocrx_word' id='word_1_230' title='bbox 912 2927 963 2985; x_wconf 92' lang='lat' dir='ltr'>sed</span> <span class='ocrx_word' id='word_1_231' title='bbox 984 2928 1070 3003; x_wconf 86' lang='lat' dir='ltr'>sigilli</span> <span class='ocrx_word' id='word_1_232' title='bbox 1090 2928 1154 3004; x_wconf 86' lang='lat' dir='ltr'>lege</span> 
     </span>
     <span class='ocr_line' id='line_1_27' title="bbox 63 3026 1156 3106; baseline -0.003 -18"><span class='ocrx_word' id='word_1_233' title='bbox 63 3049 124 3089; x_wconf 92' lang='lat' dir='ltr'>non</span> <span class='ocrx_word' id='word_1_234' title='bbox 138 3032 288 3106; x_wconf 86' lang='lat' dir='ltr'>obligatur.</span> <span class='ocrx_word' id='word_1_235' title='bbox 332 3030 358 3087; x_wconf 91' lang='lat' dir='ltr'>E</span> <span class='ocrx_word' id='word_1_236' title='bbox 373 3038 471 3087; x_wconf 88' lang='lat' dir='ltr'>contra</span> <span class='ocrx_word' id='word_1_237' title='bbox 484 3026 617 3085; x_wconf 79' lang='lat' dir='ltr'>sacerdos</span> <span class='ocrx_word' id='word_1_238' title='bbox 632 3045 717 3098; x_wconf 91' lang='lat' dir='ltr'>quem</span> <span class='ocrx_word' id='word_1_239' title='bbox 731 3026 855 3084; x_wconf 87' lang='lat' dir='ltr'>consulit</span> <span class='ocrx_word' id='word_1_240' title='bbox 867 3027 1018 3102; x_wconf 84' lang='lat' dir='ltr'>poenitens,</span> <span class='ocrx_word' id='word_1_241' title='bbox 1032 3036 1065 3084; x_wconf 90' lang='grc' dir='ltr'>ιιι</span> <span class='ocrx_word' id='word_1_242' title='bbox 1077 3038 1156 3102; x_wconf 85' lang='lat' dir='ltr'>paret</span> 
     </span>
     <span class='ocr_line' id='line_1_28' title="bbox 65 3126 1156 3203; baseline -0.003 -16"><span class='ocrx_word' id='word_1_243' title='bbox 65 3148 98 3187; x_wconf 92' lang='grc' dir='ltr'>εε</span> <span class='ocrx_word' id='word_1_244' title='bbox 112 3127 147 3187; x_wconf 87' lang='lat' dir='ltr'>ad</span> <span class='ocrx_word' id='word_1_245' title='bbox 161 3127 366 3196; x_wconf 87' lang='lat' dir='ltr'>confitendum,</span> <span class='ocrx_word' id='word_1_246' title='bbox 387 3128 470 3185; x_wconf 92' lang='lat' dir='ltr'>debet</span> <span class='ocrx_word' id='word_1_247' title='bbox 492 3128 545 3186; x_wconf 90' lang='lat' dir='ltr'>sub</span> <span class='ocrx_word' id='word_1_248' title='bbox 556 3127 651 3203; x_wconf 84' lang='lat' dir='ltr'>sigillo</span> <span class='ocrx_word' id='word_1_249' title='bbox 672 3145 784 3184; x_wconf 88' lang='lat' dir='ltr'>servare</span> <span class='ocrx_word' id='word_1_250' title='bbox 805 3144 868 3198; x_wconf 85' lang='lat' dir='ltr'>quae</span> <span class='ocrx_word' id='word_1_251' title='bbox 888 3126 930 3184; x_wconf 91' lang='lat' dir='ltr'>illi</span> <span class='ocrx_word' id='word_1_252' title='bbox 950 3127 988 3184; x_wconf 87' lang='lat' dir='ltr'>ita</span> <span class='ocrx_word' id='word_1_253' title='bbox 1000 3127 1156 3184; x_wconf 85' lang='lat' dir='ltr'>commissa</span> 
     </span>
     <span class='ocr_line' id='line_1_29' title="bbox 64 3219 1156 3304; baseline 0 -20"><span class='ocrx_word' id='word_1_254' title='bbox 64 3237 139 3296; x_wconf 89' lang='lat' dir='ltr'>sunt,</span> <span class='ocrx_word' id='word_1_255' title='bbox 154 3237 199 3286; x_wconf 91' lang='lat' dir='ltr'>est</span> <span class='ocrx_word' id='word_1_256' title='bbox 211 3228 288 3286; x_wconf 92' lang='lat' dir='ltr'>enim</span> <span class='ocrx_word' id='word_1_257' title='bbox 302 3228 388 3286; x_wconf 90' lang='lat' dir='ltr'>veluti</span> <span class='ocrx_word' id='word_1_258' title='bbox 402 3227 545 3285; x_wconf 85' lang='lat' dir='ltr'>consessio</span> <span class='ocrx_word' id='word_1_259' title='bbox 559 3219 718 3285; x_wconf 72' lang='lat' dir='ltr'>inchoata.‘¹</span> <span class='ocrx_word' id='word_1_260' title='bbox 758 3226 887 3284; x_wconf 89' lang='lat' dir='ltr'>Tenetur</span> <span class='ocrx_word' id='word_1_261' title='bbox 906 3225 940 3284; x_wconf 90' lang='lat' dir='ltr'>ad</span> <span class='ocrx_word' id='word_1_262' title='bbox 955 3227 1083 3304; x_wconf 85' lang='lat' dir='ltr'>sigillum</span> <span class='ocrx_word' id='word_1_263' title='bbox 1097 3245 1156 3284; x_wconf 89' lang='lat' dir='ltr'>ser·</span> 
     </span>
     <span class='ocr_line' id='line_1_30' title="bbox 68 3325 1157 3402; baseline 0.002 -19"><span class='ocrx_word' id='word_1_264' title='bbox 68 3327 193 3386; x_wconf 87' lang='lat' dir='ltr'>randum</span> <span class='ocrx_word' id='word_1_265' title='bbox 222 3328 380 3402; x_wconf 84' lang='lat' dir='ltr'>“superior</span> <span class='ocrx_word' id='word_1_266' title='bbox 399 3327 446 3384; x_wconf 91' lang='lat' dir='ltr'>cui</span> <span class='ocrx_word' id='word_1_267' title='bbox 472 3345 503 3384; x_wconf 89' lang='lat' dir='ltr'>se</span> <span class='ocrx_word' id='word_1_268' title='bbox 524 3326 599 3383; x_wconf 80' lang='lat' dir='ltr'>sistit</span> <span class='ocrx_word' id='word_1_269' title='bbox 618 3325 763 3382; x_wconf 88' lang='lat' dir='ltr'>absolutus</span> <span class='ocrx_word' id='word_1_270' title='bbox 783 3345 800 3382; x_wconf 95' lang='lat' dir='ltr'>a</span> <span class='ocrx_word' id='word_1_271' title='bbox 822 3339 973 3394; x_wconf 87' lang='lat' dir='ltr'>reservato,</span> <span class='ocrx_word' id='word_1_272' title='bbox 1000 3326 1044 3384; x_wconf 87' lang='lat' dir='ltr'>vel</span> <span class='ocrx_word' id='word_1_273' title='bbox 1064 3346 1080 3384; x_wconf 92' lang='lat' dir='ltr'>a</span> <span class='ocrx_word' id='word_1_274' title='bbox 1100 3345 1157 3399; x_wconf 89' lang='lat' dir='ltr'>quo</span> 
     </span>
     <span class='ocr_line' id='line_1_31' title="bbox 68 3414 1158 3501; baseline 0.002 -18"><span class='ocrx_word' id='word_1_275' title='bbox 68 3427 172 3501; x_wconf 90' lang='lat' dir='ltr'>petitur</span> <span class='ocrx_word' id='word_1_276' title='bbox 196 3425 311 3484; x_wconf 91' lang='lat' dir='ltr'>licentia</span> <span class='ocrx_word' id='word_1_277' title='bbox 337 3425 501 3485; x_wconf 87' lang='lat' dir='ltr'>absolvendi</span> <span class='ocrx_word' id='word_1_278' title='bbox 528 3414 747 3483; x_wconf 80' lang='lat' dir='ltr'>areaervato.”&#39;</span> <span class='ocrx_word' id='word_1_279' title='bbox 781 3425 824 3484; x_wconf 90' lang='lat' dir='ltr'>lta</span> <span class='ocrx_word' id='word_1_280' title='bbox 843 3426 1049 3495; x_wconf 87' lang='lat' dir='ltr'>Busembaum,</span> <span class='ocrx_word' id='word_1_281' title='bbox 1071 3445 1158 3499; x_wconf 90' lang='lat' dir='ltr'>quern</span> 
     </span>
     <span class='ocr_line' id='line_1_32' title="bbox 70 3524 1157 3601; baseline 0.001 -20"><span class='ocrx_word' id='word_1_282' title='bbox 70 3527 195 3599; x_wconf 88' lang='lat' dir='ltr'>sequitur</span> <span class='ocrx_word' id='word_1_283' title='bbox 209 3526 241 3584; x_wconf 83' lang='lat' dir='ltr'>S.</span> <span class='ocrx_word' id='word_1_284' title='bbox 256 3525 434 3600; x_wconf 82' lang='lat' dir='ltr'>Alphonsus,</span> <span class='ocrx_word' id='word_1_285' title='bbox 457 3543 521 3584; x_wconf 91' lang='lat' dir='ltr'>oum</span> <span class='ocrx_word' id='word_1_286' title='bbox 542 3524 698 3600; x_wconf 88' lang='lat' dir='ltr'>plerisque.</span> <span class='ocrx_word' id='word_1_287' title='bbox 742 3533 760 3560; x_wconf 90' lang='grc'>“</span> <span class='ocrx_word' id='word_1_288' title='bbox 770 3524 867 3594; x_wconf 89' lang='lat' dir='ltr'>Ratio,</span> <span class='ocrx_word' id='word_1_289' title='bbox 889 3535 947 3583; x_wconf 90' lang='lat' dir='ltr'>tum</span> <span class='ocrx_word' id='word_1_290' title='bbox 971 3527 1037 3599; x_wconf 91' lang='lat' dir='ltr'>quia</span> <span class='ocrx_word' id='word_1_291' title='bbox 1058 3527 1157 3601; x_wconf 88' lang='lat' dir='ltr'>petitio</span> 
     </span>
     <span class='ocr_line' id='line_1_33' title="bbox 72 3623 1158 3697; baseline -0.002 -16"><span class='ocrx_word' id='word_1_292' title='bbox 72 3623 116 3682; x_wconf 92' lang='lat' dir='ltr'>illa</span> <span class='ocrx_word' id='word_1_293' title='bbox 129 3634 175 3682; x_wconf 87' lang='lat' dir='ltr'>est</span> <span class='ocrx_word' id='word_1_294' title='bbox 188 3623 317 3697; x_wconf 72' lang='lat' dir='ltr'>quaedam</span> <span class='ocrx_word' id='word_1_295' title='bbox 342 3625 474 3683; x_wconf 87' lang='lat' dir='ltr'>inchoata</span> <span class='ocrx_word' id='word_1_296' title='bbox 495 3624 649 3691; x_wconf 84' lang='lat' dir='ltr'>confessio,</span> <span class='ocrx_word' id='word_1_297' title='bbox 671 3632 809 3696; x_wconf 89' lang='lat' dir='ltr'>quatenus</span> <span class='ocrx_word' id='word_1_298' title='bbox 832 3626 979 3684; x_wconf 91' lang='lat' dir='ltr'>ordinatur</span> <span class='ocrx_word' id='word_1_299' title='bbox 999 3623 1034 3681; x_wconf 90' lang='lat' dir='ltr'>ad</span> <span class='ocrx_word' id='word_1_300' title='bbox 1048 3624 1158 3681; x_wconf 86' lang='lat' dir='ltr'>absolu·</span> 
     </span>
     <span class='ocr_line' id='line_1_34' title="bbox 72 3716 1158 3797; baseline -0.003 -18"><span class='ocrx_word' id='word_1_301' title='bbox 72 3724 174 3782; x_wconf 90' lang='lat' dir='ltr'>tionem</span> <span class='ocrx_word' id='word_1_302' title='bbox 184 3724 368 3782; x_wconf 88' lang='lat' dir='ltr'>obtinendam</span> <span class='ocrx_word' id='word_1_303' title='bbox 379 3743 386 3791; x_wconf 91' lang='lat'><strong>;</strong></span> <span class='ocrx_word' id='word_1_304' title='bbox 401 3733 459 3781; x_wconf 89' lang='lat' dir='ltr'>tum</span> <span class='ocrx_word' id='word_1_305' title='bbox 471 3725 536 3797; x_wconf 88' lang='lat' dir='ltr'>quia</span> <span class='ocrx_word' id='word_1_306' title='bbox 546 3724 673 3795; x_wconf 91' lang='lat' dir='ltr'>alioquin</span> <span class='ocrx_word' id='word_1_307' title='bbox 683 3722 829 3781; x_wconf 87' lang='lat' dir='ltr'>consessio</span> <span class='ocrx_word' id='word_1_308' title='bbox 837 3723 1000 3781; x_wconf 89' lang='lat' dir='ltr'>redderetur</span> <span class='ocrx_word' id='word_1_309' title='bbox 1009 3716 1158 3780; x_wconf 84' lang='lat' dir='ltr'>odiosa.”⁵</span> 
     </span>
     <span class='ocr_line' id='line_1_35' title="bbox 73 3819 1076 3900; baseline -0.005 -20"><span class='ocrx_word' id='word_1_310' title='bbox 73 3822 211 3882; x_wconf 90' lang='lat' dir='ltr'>Nonnulli</span> <span class='ocrx_word' id='word_1_311' title='bbox 225 3831 342 3881; x_wconf 88' lang='lat' dir='ltr'>censent</span> <span class='ocrx_word' id='word_1_312' title='bbox 354 3824 505 3900; x_wconf 79' lang='lat' dir='ltr'>praesulem</span> <span class='ocrx_word' id='word_1_313' title='bbox 520 3823 621 3881; x_wconf 87' lang='lat' dir='ltr'>secreti</span> <span class='ocrx_word' id='word_1_314' title='bbox 635 3822 769 3881; x_wconf 90' lang='lat' dir='ltr'>naturalis</span> <span class='ocrx_word' id='word_1_315' title='bbox 782 3822 845 3898; x_wconf 87' lang='lat' dir='ltr'>lege</span> <span class='ocrx_word' id='word_1_316' title='bbox 857 3831 964 3879; x_wconf 88' lang='lat' dir='ltr'>tantum</span> <span class='ocrx_word' id='word_1_317' title='bbox 978 3819 1076 3876; x_wconf 84' lang='lat' dir='ltr'>teneri.</span> 
     </span>
    </p>

    <p class='ocr_par' dir='ltr' id='par_1_3' title="bbox 109 3919 1159 4002">
     <span class='ocr_line' id='line_1_36' title="bbox 109 3919 1159 4002; baseline -0.008 -22"><span class='ocrx_word' id='word_1_318' title='bbox 109 3926 158 3980; x_wconf 88' lang='grc'>89.</span> <span class='ocrx_word' id='word_1_319' title='bbox 179 3923 336 4002; x_wconf 87' lang='lat' dir='ltr'>lnterpres‚</span> <span class='ocrx_word' id='word_1_320' title='bbox 358 3923 547 3998; x_wconf 76' lang='lat' dir='ltr'>cujus‘opera</span> <span class='ocrx_word' id='word_1_321' title='bbox 573 3939 643 3980; x_wconf 89' lang='lat' dir='ltr'>usus</span> <span class='ocrx_word' id='word_1_322' title='bbox 663 3931 708 3978; x_wconf 90' lang='lat' dir='ltr'>est</span> <span class='ocrx_word' id='word_1_323' title='bbox 732 3921 885 3996; x_wconf 72' lang='lat' dir='ltr'>poenitens,</span> <span class='ocrx_word' id='word_1_324' title='bbox 906 3919 940 3975; x_wconf 89' lang='lat' dir='ltr'>ad</span> <span class='ocrx_word' id='word_1_325' title='bbox 967 3936 1019 3974; x_wconf 88' lang='lat' dir='ltr'>sua</span> <span class='ocrx_word' id='word_1_326' title='bbox 1044 3927 1159 3992; x_wconf 88' lang='lat' dir='ltr'>peccata</span> 
     </span>
    </p>
   </div>
   <div class='ocr_carea' id='block_1_3' title="bbox 107 4141 1147 4386">
    <p class='ocr_par' dir='ltr' id='par_1_4' title="bbox 107 4141 1147 4386">
     <span class='ocr_line' id='line_1_37' title="bbox 107 4141 1147 4216; baseline -0.006 -20"><span class='ocrx_word' id='word_1_327' title='bbox 107 4151 148 4216; x_wconf 85' lang='lat' dir='ltr'>(l)</span> <span class='ocrx_word' id='word_1_328' title='bbox 168 4149 195 4199; x_wconf 82' lang='lat' dir='ltr'>S.</span> <span class='ocrx_word' id='word_1_329' title='bbox 207 4148 297 4198; x_wconf 81' lang='lat' dir='ltr'>Thom.</span> <span class='ocrx_word' id='word_1_330' title='bbox 309 4149 385 4213; x_wconf 85' lang='lat' dir='ltr'>Supp.</span> <span class='ocrx_word' id='word_1_331' title='bbox 397 4149 430 4198; x_wconf 93' lang='lat' dir='ltr'>iil.</span> <span class='ocrx_word' id='word_1_332' title='bbox 444 4165 468 4213; x_wconf 92' lang='lat' dir='ltr'>p.</span> <span class='ocrx_word' id='word_1_333' title='bbox 479 4165 520 4212; x_wconf 92' lang='lat' dir='ltr'>qu.</span> <span class='ocrx_word' id='word_1_334' title='bbox 532 4148 565 4198; x_wconf 86' lang='lat' dir='ltr'>xi.</span> <span class='ocrx_word' id='word_1_335' title='bbox 578 4153 621 4197; x_wconf 77' lang='lat' dir='ltr'>art</span> <span class='ocrx_word' id='word_1_336' title='bbox 633 4147 648 4195; x_wconf 94' lang='lat' dir='ltr'>i.</span> <span class='ocrx_word' id='word_1_337' title='bbox 659 4146 690 4195; x_wconf 89' lang='lat' dir='ltr'>ad</span> <span class='ocrx_word' id='word_1_338' title='bbox 702 4148 723 4193; x_wconf 89' lang='lat'>1.</span> <span class='ocrx_word' id='word_1_339' title='bbox 792 4145 835 4209; x_wconf 82' lang='lat'>(2)</span> <span class='ocrx_word' id='word_1_340' title='bbox 855 4143 881 4192; x_wconf 85' lang='lat' dir='ltr'>S.</span> <span class='ocrx_word' id='word_1_341' title='bbox 894 4141 969 4206; x_wconf 84' lang='lat' dir='ltr'>Alph.</span> <span class='ocrx_word' id='word_1_342' title='bbox 981 4142 996 4190; x_wconf 90' lang='lat' dir='ltr'>l.</span> <span class='ocrx_word' id='word_1_343' title='bbox 1008 4141 1040 4191; x_wconf 83' lang='lat' dir='ltr'>vi.</span> <span class='ocrx_word' id='word_1_344' title='bbox 1052 4157 1077 4190; x_wconf 92' lang='lat' dir='ltr'>n.</span> <span class='ocrx_word' id='word_1_345' title='bbox 1089 4143 1147 4191; x_wconf 78' lang='grc'><strong>637.</strong></span> 
     </span>
     <span class='ocr_line' id='line_1_38' title="bbox 109 4227 1147 4301; baseline -0.001 -20"><span class='ocrx_word' id='word_1_346' title='bbox 109 4237 149 4301; x_wconf 83' lang='grc'>(3)</span> <span class='ocrx_word' id='word_1_347' title='bbox 169 4234 196 4287; x_wconf 79' lang='lat' dir='ltr'>S.</span> <span class='ocrx_word' id='word_1_348' title='bbox 208 4234 298 4286; x_wconf 86' lang='lat' dir='ltr'>Thom.</span> <span class='ocrx_word' id='word_1_349' title='bbox 310 4236 371 4298; x_wconf 87' lang='lat' dir='ltr'>Sup.</span> <span class='ocrx_word' id='word_1_350' title='bbox 382 4235 415 4285; x_wconf 90' lang='lat' dir='ltr'>iii.</span> <span class='ocrx_word' id='word_1_351' title='bbox 426 4250 450 4298; x_wconf 91' lang='lat' dir='ltr'>p.</span> <span class='ocrx_word' id='word_1_352' title='bbox 462 4251 502 4297; x_wconf 89' lang='lat' dir='ltr'>qu.</span> <span class='ocrx_word' id='word_1_353' title='bbox 514 4233 548 4282; x_wconf 83' lang='lat' dir='ltr'>xi.</span> <span class='ocrx_word' id='word_1_354' title='bbox 560 4240 602 4281; x_wconf 86' lang='lat' dir='ltr'>art.</span> <span class='ocrx_word' id='word_1_355' title='bbox 613 4231 630 4279; x_wconf 89' lang='lat' dir='ltr'>i.</span> <span class='ocrx_word' id='word_1_356' title='bbox 641 4230 671 4279; x_wconf 83' lang='lat' dir='ltr'>ad</span> <span class='ocrx_word' id='word_1_357' title='bbox 680 4233 704 4279; x_wconf 81' lang='lat'>2.</span> <span class='ocrx_word' id='word_1_358' title='bbox 795 4229 836 4294; x_wconf 86' lang='grc'>(4)</span> <span class='ocrx_word' id='word_1_359' title='bbox 857 4228 882 4277; x_wconf 83' lang='lat' dir='ltr'>S.</span> <span class='ocrx_word' id='word_1_360' title='bbox 895 4227 969 4297; x_wconf 85' lang='lat' dir='ltr'>Alph.</span> <span class='ocrx_word' id='word_1_361' title='bbox 982 4227 997 4281; x_wconf 89' lang='lat' dir='ltr'>l·</span> <span class='ocrx_word' id='word_1_362' title='bbox 1009 4227 1041 4278; x_wconf 87' lang='lat' dir='ltr'>vi.</span> <span class='ocrx_word' id='word_1_363' title='bbox 1053 4243 1077 4280; x_wconf 88' lang='lat' dir='ltr'>n.</span> <span class='ocrx_word' id='word_1_364' title='bbox 1089 4229 1147 4279; x_wconf 85' lang='grc'><strong>649.</strong></span> 
     </span>
     <span class='ocr_line' id='line_1_39' title="bbox 494 4315 734 4386; baseline -0.025 -19"><span class='ocrx_word' id='word_1_365' title='bbox 494 4321 536 4386; x_wconf 82' lang='grc'>(6)</span> <span class='ocrx_word' id='word_1_366' title='bbox 555 4317 585 4367; x_wconf 90' lang='lat' dir='ltr'>L.</span> <span class='ocrx_word' id='word_1_367' title='bbox 597 4315 628 4365; x_wconf 88' lang='lat' dir='ltr'>vi.</span> <span class='ocrx_word' id='word_1_368' title='bbox 639 4332 664 4365; x_wconf 91' lang='lat' dir='ltr'>n.</span> <span class='ocrx_word' id='word_1_369' title='bbox 677 4316 734 4363; x_wconf 84' lang='grc'><strong>647.</strong></span> 
     </span>
    </p>
   </div>
   <div class='ocr_carea' id='block_1_4' title="bbox 588 4417 650 4474">
    <p class='ocr_par' dir='ltr' id='par_1_5' title="bbox 588 4417 650 4474">
     <span class='ocr_line' id='line_1_40' title="bbox 588 4417 650 4474; baseline -0.065 0"><span class='ocrx_word' id='word_1_370' title='bbox 588 4417 650 4474; x_wconf 82' lang='lat'>16*</span> 
     </span>
    </p>
   </div>
   <div class='ocr_carea' id='block_1_5' title="bbox 0 0 1330 4860">
    <p class='ocr_par' dir='ltr' id='par_1_6' title="bbox 0 0 1330 4860">
     <span class='ocr_line' id='line_1_41' title="bbox 0 0 1330 4860; baseline 0 0"><span class='ocrx_word' id='word_1_371' title='bbox 0 0 1330 4860; x_wconf 95' lang='lat' dir='ltr'> </span> 
     </span>
    </p>
   </div>
  </div>
 </body>
</html>
