2640 4860
168 387 207 442 68
404 379 462 439 DE
483 376 678 439 MATERIA
699 375 1017 437 EUOHARISTIAE.

168 548 260 607 tulum
274 562 355 613 aore;
376 542 427 603 sed
446 544 472 604 si
485 563 545 604 non
557 546 595 604 sit
607 544 770 604 notabiliter
789 543 911 611 acidum,
935 550 1092 601 excusatur
1104 560 1122 599 a
1134 542 1261 619 pluribus

169 647 219 721 qui
232 644 314 713 illud,
328 644 386 703 alio
399 644 561 713 deficIente,
578 643 702 703 adhibet
725 652 745 680 ‘⁴
755 641 928 716 Adduntque
941 641 1051 720 Sporer
1063 648 1092 698 et
1104 640 1262 708 Mazzotta,

169 744 257 819 quod,
271 752 389 822 urgente
403 745 483 821 gravi
496 745 676 813 necessitate,
695 743 804 801 licitum
824 752 902 800 esset
921 742 963 801 uti
982 740 1051 800 vino
1070 738 1166 801 adhuc
1186 750 1262 802 nota·

167 844 263 903 biliter
275 852 433 911 acescente,
448 843 536 903 modo
549 846 588 903 sit
600 852 710 901 certum
723 832 873 900 vinum.''²

207 949 237 1003 7.
260 942 371 1000 Succue
385 943 457 1001 intra
470 961 540 1002 uvas
554 951 716 1011 contentus,
736 950 784 1000 aut
801 942 903 1000 vinum
916 939 946 997 in
959 957 1043 1016 pane,
1064 937 1134 1008 offa,
1149 941 1197 999 vel
1210 941 1263 999 alia

167 1061 199 1100 re
211 1040 388 1119 hujusmodi,
403 1060 461 1100 non
475 1053 519 1100 est
531 1042 635 1101 idonea
649 1042 775 1110 materia,
797 1041 866 1113 quic
884 1040 942 1097 cibi
961 1039 1059 1106 instar,
1073 1037 1154 1098 hand
1166 1048 1260 1116 potus,

168 1142 299 1200 sumitur.
342 1141 481 1209 Mustum,
505 1143 605 1200 vinum
625 1140 735 1199 scilicet
755 1158 793 1198 ex
812 1140 875 1198 uvis
896 1138 1014 1198 maturis
1027 1155 1130 1196 recens
1145 1157 1262 1216 expres·

168 1258 243 1307 sum,
258 1251 302 1299 est
314 1241 431 1297 materia
443 1240 604 1308 sufficiens;
626 1239 677 1297 sed
691 1239 867 1316 prohibetur,
877 1239 963 1316 juxta
976 1238 1140 1314 plerosque,
1155 1257 1192 1296 ex
1206 1238 1262 1296 Ec·

168 1340 262 1399 clesiae
290 1339 353 1416 lege
379 1337 434 1396 aud
454 1339 557 1416 grani,
582 1348 661 1397 extra
689 1340 900 1407 necessitatem,
924 1338 961 1396 ob
988 1335 1074 1394 faeces
1100 1336 1259 1395 admixtas:

170 1447 190 1474 “
200 1437 396 1516 prohibetur?
417 1438 510 1510 inquit
528 1439 561 1496 S.
576 1438 719 1508 Thomas,
742 1447 805 1497 “ne
826 1445 953 1495 mustum
972 1436 1069 1493 statim
1092 1454 1261 1513 expressum

169 1538 205 1597 de
219 1557 284 1607 uva,
305 1538 335 1595 in
356 1536 444 1594 calice
464 1537 615 1596 offeratur:
637 1538 705 1612 quia
724 1538 838 1596 honest
857 1535 995 1595 indecens
1015 1548 1135 1612 propter
1147 1536 1262 1613 impuri·

168 1647 253 1696 tatem
268 1636 373 1695 musti:
395 1644 490 1712 potest
502 1647 598 1697 tamen
611 1638 641 1697 in
654 1638 823 1696 necessitate
837 1628 950 1694 tieri.’'²

207 1741 237 1794 8.
259 1734 294 1795 ln
306 1736 375 1793 vino
388 1736 539 1814 congelato
552 1738 670 1797 minime
683 1738 752 1795 licet
770 1753 947 1801 consecrare,
969 1734 1100 1807 quamvis
1114 1752 1260 1792 consecra·

168 1835 208 1894 tio
221 1835 332 1902 valeat;
347 1854 401 1894 nec
414 1837 491 1895 enim
505 1836 610 1897 desinit
622 1856 686 1896 esse
697 1855 795 1895 vemrn
809 1836 907 1894 vinum
921 1833 1055 1911 potabile,
1068 1851 1158 1906 quum
1171 1834 1262 1907 lique·

168 1934 230 1993 fieri
244 1936 344 2012 possit.
387 1935 512 2002 Quodsi
526 1938 590 2010 quis
604 1936 729 1994 advertat
741 1953 805 1994 esse
816 1935 1007 2010 congelatum,
1020 1932 1184 2009 apponendi
1198 1943 1263 1991 sunt

169 2036 257 2110 panni
270 2034 398 2094 calefacti
412 2036 515 2108 quibus
529 2035 672 2109 liquefiat:
695 2035 772 2109 quod
791 2044 820 2093 et
839 2045 905 2111 post
926 2032 1175 2092 consecrationem
1195 2033 1263 2090 licet

168 2150 205 2190 ex
219 2133 353 2192 Rubricis
368 2134 507 2191 Missalis.
549 2133 584 2192 ln
597 2134 726 2193 ecclesiis
741 2134 898 2202 nonnullis,
912 2132 1049 2190 saeviente
1062 2131 1171 2200 hieme,
1186 2133 1261 2210 ignis

169 2232 199 2288 in
212 2230 290 2288 altari
305 2231 473 2306 apponitur:
495 2231 572 2304 quod
594 2233 631 2290 ob
653 2235 852 2292 necessitatem
876 2234 962 2292 licere
984 2230 1106 2297 videtum
1129 2233 1261 2305 quamvis

171 2338 288 2406 praestet
301 2338 386 2386 totam
401 2328 518 2389 domum
532 2331 696 2400 calefacere,
711 2335 791 2392 etita
804 2333 884 2391 altari
898 2350 1009 2389 servare
1023 2330 1123 2388 decus.

209 2431 238 2485 9.
259 2429 345 2501 Aqua
357 2428 424 2487 vino
439 2428 621 2489 admiscenda
634 2442 695 2490 est:
718 2441 739 2468 ‘⁶
749 2433 851 2491 Monet
864 2441 962 2490 sancta
972 2429 1103 2508 synodus
1115 2427 1263 2509 (Triden-

169 2526 253 2603 tino)
267 2538 442 2605 praeceptum
463 2547 525 2588 esse
546 2532 581 2589 ab
605 2531 741 2590 Ecclesia
759 2531 966 2597 sacerdotibus,
989 2539 1021 2588 ut
1034 2548 1137 2602 aquam
1152 2530 1220 2586 vino
1234 2532 1263 2587 in

169 2627 258 2687 calice
273 2628 419 2688 offerendo
434 2629 582 2699 misceant,
596 2640 655 2689 tum
669 2631 746 2704 quod
767 2629 901 2688 Christus
928 2629 1073 2688 Dominus
1096 2630 1136 2686 ita
1160 2629 1262 2686 fecisse

169 2729 307 2797 credatur,
324 2739 382 2787 tum
403 2730 488 2788 etiam
508 2732 576 2803 quia
602 2750 617 2787 c
637 2731 723 2789 latere
745 2732 807 2808 ejus
828 2747 902 2802 aqua
924 2729 1012 2787 simul
1035 2746 1100 2785 curn
1121 2730 1262 2804 sanguine

169 2828 281 2897 exierit,
296 2828 372 2900 quod
386 2840 594 2888 sacramentum
614 2830 668 2888 hac
688 2831 827 2889 mixtione
840 2829 994 2887 recolitur:
1016 2837 1122 2885 etcum
1138 2846 1218 2900 aquae
1234 2829 1262 2885 in

171 2927 350 3004 Apocalypsi
364 2929 436 2986 beati
449 2929 571 2988 loannis
585 2930 685 3007 populi
705 2930 845 2997 dicuutur,
866 2929 958 3005 ipsius
974 2925 1073 3003 populi
1087 2925 1181 2985 fidelis
1196 2946 1260 2985 cum

170 3029 264 3104 capite
280 3026 397 3085 Christo
410 3029 478 3087 unio
491 3025 754 3106 repraesentatur.”³
794 3030 876 3087 Licet
895 3046 941 3084 res
959 3026 1032 3084 levis
1053 3025 1082 3082 in
1103 3045 1135 3082 se
1157 3028 1195 3084 sit
1216 3027 1263 3084 illa

171 3143 250 3197 aquae
269 3125 416 3193 admixtio,
440 3128 523 3185 etad
545 3130 668 3187 valorem
690 3128 911 3188 consecrationis
932 3145 990 3183 non
1004 3133 1123 3213 spectet,
1139 3136 1262 3183 attamen

171 3224 224 3281 sub
237 3224 315 3300 gravi
330 3233 444 3299 peccato
458 3226 631 3302 praecipitur,
646 3228 682 3285 ob
696 3229 836 3286 maximas
847 3245 917 3300 quas
931 3224 1016 3282 habet
1027 3223 1262 3300 significationes.

171 3321 372 3380 Modicissima
386 3340 460 3393 aqua
472 3342 536 3380 esse
549 3322 642 3393 debet,
660 3327 743 3402 juxta
763 3326 905 3384 decretum
921 3343 973 3402 pro
987 3323 1139 3381 Armenia:
1162 3344 1264 3382 caven·

170 3419 237 3477 dum
251 3420 328 3477 enim
342 3438 378 3476 ne
392 3422 475 3496 copia
488 3423 547 3480 vini
561 3424 745 3482 substantiam
760 3421 882 3484 mutet:⁴
901 3423 1008 3482 suflicit
1017 3421 1133 3495 quidem
1147 3444 1205 3482 una
1218 3424 1263 3480 vel

171 3519 257 3576 altera
282 3527 368 3594 gutta,
392 3527 421 3575 et
441 3518 477 3576 ad
497 3521 605 3579 tertiam
628 3533 736 3600 partem
757 3525 817 3582 vini
843 3523 927 3582 etiam
948 3523 1080 3599 generosi
1100 3542 1159 3580 non
1180 3523 1265 3581 debet

170 3619 339 3696 pertingere,
354 3635 390 3675 ne
404 3617 489 3677 dubia
501 3622 538 3678 sit
548 3623 674 3681 materia.
716 3622 910 3682 Admiscenda
930 3633 975 3679 est
994 3632 1056 3680 ante
1072 3622 1262 3688 oblationem;

171 3721 222 3779 sed
236 3721 261 3778 si
276 3738 332 3793 qua
346 3718 416 3776 forte
437 3720 587 3797 contigerit
606 3739 668 3779 eam
692 3731 821 3799 tempore
842 3724 872 3781 in
894 3721 1031 3781 Rubricis
1053 3720 1203 3798 designato
1224 3723 1264 3780 in·

153 3818 262 3880 ‘fusam
278 3838 335 3879 non
350 3837 424 3888 esse,
439 3829 609 3896 potestante
623 3823 865 3881 consecrationem
879 3822 977 3879 calicis
991 3820 1121 3888 infundi;
1144 3822 1263 3880 minime

170 3920 248 3988 verb,
263 3921 345 3979 calici
354 3921 416 3997 jam
429 3917 620 3978 consecrato.⁵

212 4021 259 4075 10.
281 4019 330 4077 Ex
344 4020 478 4078 Rubricis
493 4010 621 4079 Missalis
637 4021 699 4079 haec
713 4031 779 4096 post
792 4021 824 4077 S.
839 4019 1023 4096 Alphonsum
1039 4018 1261 4097 descripsimus:
1300 4065 1303 4072 .

240 4174 282 4237 (1)
302 4173 377 4236 Apud
388 4175 414 4222 S.
427 4177 502 4240 Alph.
514 4179 530 4228 l.
542 4178 574 4228 ri.
585 4194 611 4229 n.
623 4181 680 4228 207.
814 4178 856 4243 (2)
881 4175 929 4228 Ubi
937 4192 1018 4243 snpra
1029 4177 1060 4226 ad
1071 4179 1095 4224 3.

241 4255 283 4320 (8)
303 4255 368 4304 Sess.
379 4258 440 4307 xxii.
452 4275 504 4324 cap.
513 4261 554 4311 vii.
817 4262 861 4328 (d)
881 4260 912 4308 C.
923 4261 974 4310 xiii.
986 4261 1016 4311 de
1027 4262 1111 4312 celebr.
1125 4261 1194 4314 Miss.

482 4343 524 4408 (5)
543 4345 643 4394 Missale
652 4347 755 4396 Roman.
766 4342 945 4413 dedefictdm.
