2640 4860
465 362 523 422 DE
544 361 852 425 CONFESSIONE.
1145 369 1199 425 151

110 525 248 586 trahunt:
270 535 300 585 et
311 527 368 586 huc
375 528 549 604 probabilius
563 526 655 588 est.”²
696 530 828 589 Attamen
838 527 976 605 contingit
988 546 1204 605 nonnumquam

110 635 265 702 peccatum
277 627 416 685 reservari
425 627 462 686 ob
471 629 708 687 circumstantiam
722 635 933 706 aggravantem‚
945 646 963 684 v
974 646 982 684 r
1003 647 1040 706 gr
1061 630 1204 690 incestum

110 725 205 800 primo
226 724 335 802 gradu:
359 744 421 800 quae
442 744 511 786 sane
531 727 684 786 reservatio
704 727 796 794 valet;
817 744 876 784 non
897 725 974 783 enim
993 727 1204 789 circumstantia

111 834 284 891 reservatur,
299 824 350 882 sed
370 835 519 902 peecatum
532 845 566 884 ea
584 825 735 885 indutum:
757 843 791 883 eo
811 825 896 901 igitur
908 842 975 882 casu
996 826 1205 887 circumstantia

113 921 284 981 declaranda
297 923 349 980 erit
360 925 387 981 ei
401 925 451 996 qui
470 926 583 983 veniam
602 925 699 1001 largiri
718 925 820 1000 possit.
862 923 975 989 Quanta
993 923 1077 982 suerit
1096 928 1205 1002 peccati

112 1023 231 1079 materia
244 1030 354 1097 oportet
361 1023 445 1081 etiam
459 1022 601 1092 confiteri,
612 1024 636 1081 si
650 1042 770 1082 censura
782 1023 828 1080 vel
838 1022 990 1079 reservatio
999 1041 1062 1081 eam
1076 1035 1202 1101 spectet;

116 1121 160 1178 vel
180 1120 349 1179 confessarii
370 1121 512 1199 judicium
538 1132 686 1200 expetatur
705 1121 739 1180 ad
760 1141 833 1180 onus
853 1139 891 1178 ex
911 1120 1014 1179 delicto
1034 1125 1203 1197 proveniens

115 1217 320 1278 definiendum.
362 1220 441 1278 Alias
455 1221 623 1297 plerumque
636 1239 755 1278 necesse
771 1229 896 1287 nonest,
913 1220 997 1296 juxta
1016 1220 1203 1296 plurimorum

116 1320 294 1386 sententiam,
309 1319 545 1378 circumstantiam
560 1321 719 1378 notabiliter
731 1328 930 1397 aggravantem
939 1318 1092 1377 declarare.
1114 1320 1204 1393 Equi·

115 1416 179 1475 dem
193 1417 284 1476 videri
298 1427 396 1495 posset
404 1419 498 1476 tutiori
512 1420 658 1478 sententia
672 1418 880 1488 inhaerendum,
894 1436 930 1474 ne
945 1420 1115 1477 sacramenti
1127 1419 1205 1478 valor

115 1514 296 1591 periclitetur,
310 1517 491 1576 consessione
511 1518 586 1576 haud
606 1520 713 1595 integre
734 1525 862 1593 peracta:
884 1515 936 1574 sed
955 1517 1150 1575 animadvertit
1169 1519 1201 1576 S.

115 1614 281 1690 alphonsus
292 1617 394 1674 eumin
408 1615 571 1675 discrimine
582 1616 657 1675 haud
672 1617 749 1693 poni,
762 1617 828 1688 quia
840 1617 985 1692 integritas
999 1617 1113 1674 moralis
1127 1617 1203 1676 certo

116 1713 220 1772 sufficit
231 1723 263 1772 ut
276 1715 368 1772 valeat
386 1727 604 1784 sacramentum,
619 1735 681 1789 quae
695 1714 812 1773 habetur
826 1713 941 1786 quando
955 1715 1019 1788 quis
1040 1716 1203 1776 confitendo

115 1813 233 1889 exponit
245 1832 279 1871 ea
292 1815 389 1871 omnia
403 1813 437 1872 ad
452 1833 515 1887 quae
525 1813 703 1892 explicanda,
713 1815 795 1891 juxta
809 1814 992 1889 probatorum
1006 1813 1203 1892 theologorum

116 1914 294 1980 sententiam,
309 1911 384 1971 certb
400 1923 518 1973 tenetur.

152 2014 203 2069 45.
225 2010 329 2069 Utrum
343 2012 466 2070 incestus
487 2032 552 2071 cum
576 2012 788 2088 consanguinea
801 2011 911 2070 differat
923 2013 1020 2087 specie
1041 2014 1076 2069 ab
1093 2013 1203 2070 incestu

116 2127 180 2168 cum
192 2110 281 2178 affini,
293 2110 465 2189 disceptatur
473 2111 544 2170 inter
555 2113 714 2189 theologos,
726 2131 846 2185 quomm
855 2112 904 2184 qui
917 2121 1031 2188 negant,
1040 2110 1072 2168 S.
1082 2111 1204 2169 Thomae

116 2210 311 2268 testimonium
334 2210 472 2269 afferunt:
497 2193 654 2270 “Persona
674 2212 766 2270 affinis
781 2212 963 2289 conjungitur
985 2210 1069 2269 alicui
1088 2221 1204 2289 propter

115 2325 263 2382 personam
278 2310 517 2386 consanguineam
531 2311 721 2387 conjunctam,
736 2319 764 2368 et
776 2309 840 2368 ideo
850 2311 917 2381 quia
929 2329 1017 2368 uuum
1032 2319 1076 2369 est
1089 2320 1205 2388 propter

116 2407 244 2476 alterurn,
265 2408 395 2485 ejusdem
418 2409 535 2468 rationis
555 2410 813 2468 inconvenientiam
839 2410 907 2467 facit
926 2411 1156 2486 consanguinitas
1176 2419 1205 2468 et

114 2500 285 2564 affinitas.”²
324 2508 397 2566 Haec
411 2509 565 2584 probabilis
579 2518 623 2567 est
635 2508 784 2575 sententia,
799 2507 869 2565 adeo
883 2518 915 2565 ut
927 2507 1003 2565 haud
1016 2527 1088 2584 opus
1109 2507 1204 2565 videa·

115 2616 156 2664 tur
179 2605 341 2667 confitendo
364 2607 518 2684 explicare,
532 2617 625 2669 utrum
648 2609 713 2681 quis
740 2624 806 2664 cum
825 2607 1053 2681 consanguinea,
1066 2604 1112 2663 vel
1137 2624 1203 2663 cum
1301 2658 1305 2671 ,

115 2705 201 2773 affini,
216 2707 383 2781 peccaverit.
410 2705 610 2783 Excipiendus
620 2718 714 2764 tamen
723 2706 834 2764 videtur
844 2707 953 2780 primus
967 2703 1071 2779 gradus
1082 2705 1112 2762 in
1125 2702 1202 2763 linea

114 2814 201 2862 recta:
223 2804 348 2864 incestus
368 2791 477 2864 scilicet
496 2825 561 2864 curn
587 2807 750 2883 parentibus
770 2804 885 2864 differre
912 2802 1022 2861 videtur
1046 2802 1143 2880 specie
1168 2803 1203 2860 ab

115 2903 220 2962 incestu
245 2905 318 2963 inter
331 2906 493 2982 privignum
516 2913 545 2962 et
558 2924 721 2973 novercam,
735 2905 781 2962 vel
798 2904 872 2963 inter
891 2920 1027 2963 socerum.
1038 2911 1067 2958 et
1088 2918 1200 2969 nurum,

116 3006 243 3075 quamvis
263 3006 368 3063 nitatur
380 3005 479 3064 eadem
492 3006 611 3074 ratione,
627 3004 703 3078 quod
717 3012 865 3080 parentum
889 3003 976 3059 instar
997 3019 1078 3059 socer
1102 3008 1131 3058 et
1152 3018 1202 3059 no-

115 3120 194 3161 verca
208 3104 382 3163 habeantur:
398 3104 449 3162 sed
462 3114 568 3162 naturae
583 3105 727 3162 vinculum
741 3113 786 3160 est
798 3101 909 3161 fortius.

150 3207 199 3261 46.
221 3203 352 3262 Incestus
378 3223 442 3262 eum
469 3204 599 3262 affinibus
622 3212 701 3263 extra
726 3204 849 3279 primum
871 3199 990 3280 gradum
1010 3209 1055 3258 est
1073 3197 1201 3278 ejusdem

115 3303 230 3378 speciei,
246 3301 317 3360 adeo
337 3313 368 3361 ut
390 3322 509 3362 necesse
532 3305 647 3368 nonsit
670 3301 832 3361 confitendo
859 3296 1011 3371 declarare,
1021 3309 1116 3358 utrum
1136 3318 1204 3359 cum

114 3402 284 3460 consobrina
297 3403 381 3478 primi
396 3404 440 3460 vel
455 3402 573 3461 secundi
588 3402 691 3479 gradus
705 3390 873 3479 peccaverit.¹

148 3506 199 3560 47.
221 3500 352 3559 Incestus
367 3521 431 3561 cum
447 3503 666 3578 consanguineis
680 3503 773 3577 primo
787 3501 876 3579 gradu
887 3501 915 3558 iu
929 3500 1006 3558 linea
1025 3508 1100 3557 reeta
1111 3517 1147 3556 v:
1162 3517 1200 3575 g:

113 3601 198 3676 patris
219 3619 286 3658 cum
300 3601 370 3670 filia,
386 3603 483 3678 specie
498 3600 593 3660 differt
605 3603 640 3660 ab
654 3601 711 3659 alio
726 3619 908 3673 quocumque
927 3601 956 3656 in
968 3599 1045 3657 linea
1064 3607 1202 3673 transver-

112 3700 172 3767 sali,
187 3718 276 3773 quum
292 3711 391 3758 natura
405 3701 439 3759 ab
454 3719 489 3759 eo
503 3701 627 3758 maxime
638 3701 803 3758 abhorreat:
826 3710 920 3758 utrum
935 3695 1044 3754 differat
1057 3696 1091 3752 ab
1100 3695 1156 3752 alio
1170 3695 1201 3751 in

111 3797 207 3858 eadem
229 3799 317 3868 linea,
340 3819 373 3857 v:
396 3820 433 3877 g:
455 3820 471 3857 a
491 3799 618 3858 secundo
639 3799 738 3876 gradu,
760 3799 889 3857 avicum
912 3802 1008 3869 nepte,
1029 3791 1200 3867 disputatum

110 3910 261 3974 negantem
288 3900 458 3957 sententiam
485 3898 621 3976 probante
651 3899 683 3957 S.
705 3898 867 3974 Alphonso.
907 3892 1065 3968 Explicare
1090 3897 1202 3966 oportet

111 4007 203 4055 utrum
218 4007 299 4074 pater
313 4017 378 4058 cum
399 3999 467 4066 filia,
482 3998 527 4055 vel
547 3997 623 4056 filius
644 4015 710 4057 curn
730 4004 819 4054 matre
840 3991 1020 4071 peccaverit;
1034 4006 1123 4061 quum
1143 3988 1200 4047 hoc

110 4093 230 4154 diversae
244 4096 282 4154 sit
291 4098 409 4173 speciei,
420 4106 560 4175 repugnat
573 4098 650 4156 enim
660 4095 824 4155 reverentiae
833 4111 918 4165 quam
929 4089 1012 4149 debet
1020 4087 1096 4146 filius
1107 4087 1198 4147 matri.

147 4318 189 4384 (l)
209 4317 239 4367 Iu
248 4317 280 4367 iv.
292 4316 346 4368 dist.
359 4317 408 4367 xvi.
419 4331 461 4382 qu.
472 4316 505 4368 iii.
517 4325 560 4368 art.
571 4316 595 4366 ii
607 4331 648 4381 qu.
659 4331 683 4363 v.
765 4313 808 4380 (2)
828 4317 851 4362 2.
863 4315 888 4360 2.
898 4327 939 4376 qu.
951 4310 1005 4361 cliv.
1016 4314 1060 4360 art.
1072 4308 1105 4359 ix.
1117 4307 1147 4359 ad
1160 4311 1187 4358 2·
