2640 4860
402 377 459 436 na
481 376 792 437 sasonurioun.
986 362 990 367 '
1080 385 1140 441 arr

47 546 164 606 lessarii
177 543 355 623 indulgentia
367 555 476 621 patrem
491 543 573 628 decet
590 544 681 603 filium
701 541 851 620 prodigum
865 544 1056 621 excipientem
1076 566 1142 606 cum

49 664 155 723 magne
167 646 256 705 animi
269 642 450 702 exultatione.
493 644 563 702 Non
571 644 608 701 ita
618 642 770 719 agendum,
781 643 807 700 si
818 660 875 701 non
887 654 1041 720 appareant
1054 648 1143 723 preni-

50 746 146 803 tentiae
160 745 274 810 indicia,
289 760 353 800 cum
368 740 574 801 emendationis
588 761 658 817 spe;
680 751 756 798 esset
769 742 845 799 enim
860 743 1000 820 projicere
1013 756 1144 805 sanctum

51 843 180 912 canibus,
195 843 358 920 margaritas
372 843 478 918 porcio,
495 842 613 900 vitiosos
635 842 765 898 homines
785 840 893 899 nullam
913 860 995 918 spem
1010 844 1143 903 emenda-

50 943 137 1000 tionis
164 941 375 1018 praeseserentes
401 940 507 998 donare
534 941 626 1007 venia,
647 959 703 1012 qua
728 941 827 1012 utique
847 938 903 997 srui
922 959 981 998 non
1001 955 1139 1018 possent:

51 1050 226 1117 quapropter
239 1040 424 1100 Innocentius
438 1039 492 1098 XI.
505 1039 649 1098 damnavit
661 1038 735 1096 hanc
747 1039 992 1116 propositionem:
1015 1049 1035 1076 ‘⁴
1046 1042 1143 1101 Poeni·

50 1139 123 1199 tenti
134 1139 249 1199 habenti
263 1138 499 1198 consuetudinem
513 1136 650 1215 peccandi
664 1147 762 1195 contra
773 1138 868 1214 legem
881 1136 949 1205 Dei,
964 1147 1079 1207 naturae,
1094 1150 1143 1199 aut

51 1237 206 1307 Ecclesia,
222 1240 275 1298 etsi
298 1237 503 1297 emendationis
526 1255 593 1313 spes
614 1236 692 1295 nulla
716 1245 858 1313 appareat,
879 1255 932 1294 nec
944 1248 990 1295 est
1001 1239 1141 1314 neganda,

51 1354 106 1396 nec
119 1336 278 1397 differenda
292 1337 443 1404 absolutio,
458 1335 614 1395 dummodo
628 1354 676 1393 ore
697 1334 821 1412 proferat
833 1353 863 1392 se
878 1334 983 1405 dolere,
998 1346 1026 1394 et
1038 1355 1142 1415 propo-

52 1455 121 1495 nere
135 1434 396 1495 eruendationem.”
1149 1437 1163 1469 ⁰

94 1538 164 1593 199.
186 1536 265 1613 Erga
279 1544 441 1613 peccatores
456 1534 603 1593 recidivus
618 1535 712 1592 minor
724 1534 886 1594 exhibenda
900 1546 943 1593 est
956 1535 1141 1613 indulgentia,

32 1692 35 1701 ,
53 1650 120 1695 nam
133 1634 231 1711 lapsus
243 1634 345 1703 facilis,
355 1644 421 1710 post
434 1635 546 1692 veniam
561 1633 651 1692 semel
665 1634 853 1709 impetratam,
867 1634 934 1692 facit
947 1644 978 1692 ut
990 1633 1025 1692 de
1039 1635 1145 1694 doloris

55 1743 84 1793 et
102 1735 243 1810 propositi
263 1735 292 1792 vi
312 1741 340 1792 et
359 1732 487 1791 efficacia
506 1734 682 1806 aliquatenus
703 1733 861 1800 dubitetur;
883 1735 990 1810 quippe
1017 1735 1146 1793 “irrisor

48 1840 189 1899 estnon
215 1834 366 1910 paenitens,
388 1832 438 1904 qui
464 1831 555 1889 adhuc
575 1833 633 1907 agit
651 1832 728 1903 quod
748 1825 914 1908 poenitet.'’¹
955 1832 1098 1891 Ceterum
1120 1835 1146 1892 si

55 2030 174 2106 impeta,
195 2028 327 2089 vellere
348 2028 505 2106 inopinati),
526 2030 684 2106 poenitenti,
705 2040 733 2087 et
757 2029 863 2088 doloris
885 2029 990 2088 indicia
1009 2032 1147 2107 praebenti

58 2131 178 2207 majora,
205 2126 429 2189 subrerdcndum
456 2138 517 2196 est;
550 2128 632 2187 facilc
658 2129 764 2205 quippe
791 2129 893 2187 vulnus
913 2130 1097 2197 recrudescit,
1118 2139 1147 2188 et

53 2228 130 2289 vires
144 2248 204 2287 non
216 2229 309 2286 statim
323 2192 439 2304 iriibgrae
451 2227 609 2299 validaeque
619 2229 815 2286 restituuntur.
857 2228 967 2306 Magna
982 2229 1012 2286 in
1021 2229 1145 2287 medica·

55 2328 132 2386 mine
147 2327 309 2386 adhibendo
321 2345 395 2404 opus
409 2336 453 2384 est
465 2326 582 2393 cautela,
593 2345 628 2384 ne
640 2327 817 2404 ingravescat
830 2330 956 2394 morbus,
967 2347 1034 2386 cnm
1048 2329 1146 2405 aegroti

55 2435 132 2484 certo
159 2426 335 2486 discrimina.
388 2425 478 2502 Igitur
504 2425 629 2482 recidivo
656 2428 797 2500 peccatori
825 2426 948 2484 tabulam
973 2429 1147 2502 poenitentiae

57 2527 159 2584 iterum
174 2524 318 2602 arripienti
333 2542 391 2583 non
412 2534 456 2582 est
478 2525 590 2600 penitus
611 2522 809 2601 subtrahnda.
852 2522 911 2580 Sed
931 2542 986 2581 nec
999 2525 1145 2583 absolvere

55 2634 172 2703 proestat
184 2642 249 2682 euin
263 2625 374 2696 quoties
399 2642 431 2680 se
454 2625 537 2691 sistit,
552 2620 934 2698 poerritentianr·'professus:
957 2641 1024 2679 nam
1044 2623 1144 2698 explo-

55 2722 162 2782 randus
175 2724 254 2799 priua
266 2724 389 2790 animus,
403 2733 432 2779 et
442 2722 539 2798 lapsus
552 2722 682 2787 occasio;
703 2729 731 2776 et
741 2721 825 2778 venia
838 2719 940 2788 danda,
954 2721 999 2792 vel
1013 2719 1146 2779 differen-

56 2822 102 2891 da,
123 2832 208 2898 prout
229 2820 324 2881 risum
343 2821 431 2909 inprit
454 2822 485 2881 in
508 2819 647 2888 Domino,
667 2820 752 2895 juxta
777 2819 954 2896 propositum
980 2821 1095 2888 mentis,
1120 2830 1148 2878 et

56 2922 209 2980 voluntatis
223 2914 428 2981 infirmitatem.
525 2954 536 2975 a

95 3024 168 3079 200.
187 3019 277 3079 Juxta
299 3021 331 3078 S.
352 3019 546 3095 Alphaneum,
573 3026 711 3077 “certum
732 3027 775 3076 est
794 3019 819 3077 Ι.
847 3017 931 3085 Quod
955 3017 1147 3076 confessarius

58 3129 174 3183 tenetur
184 3117 298 3181 differre
320 3119 537 3186 absolutionem,
558 3137 650 3191 usque
670 3117 736 3176 dum
759 3118 808 3175 fiat
829 3117 972 3175 moraliter
998 3127 1091 3197 certus
1113 3117 1149 3174 de

58 3216 247 3294 dispositione
260 3219 305 3275 sui
319 3218 493 3294 poenitentis,
513 3217 614 3275 saltem
630 3235 681 3292 per
693 3217 925 3295 experimentum
937 3212 1086 3293 temporis,
1100 3217 1146 3274 vel

57 3317 231 3385 mediorum,
250 3317 276 3375 ei
296 3300 438 3392 prenitebs
450 3315 598 3399 sufficiens
611 3314 738 3375 nondum
752 3318 877 3394 praebeat
889 3317 1005 3393 signum
1020 3336 1078 3374 suae
1092 3317 1149 3374 dis·

57 3412 241 3492 positionis?
283 3415 424 3474 Moralem
449 3412 748 3479 hanecertitndim
772 3416 810 3475 ita
835 3415 978 3491 explicat:
1014 3416 1149 3474 “sufficit

58 3514 136 3588 quod
150 3515 340 3575 confessarius
353 3514 456 3572 habeat
469 3513 636 3590 prudentem
656 3514 882 3592 probabilitatem
905 3515 939 3572 de
960 3515 1148 3591 dispositione

58 3616 233 3690 prenitentis,
255 3623 284 3670 et
305 3633 362 3671 non
382 3615 477 3673 obstet
495 3632 531 3671 ex
552 3614 606 3670 alia
619 3625 700 3689 parte
713 3615 839 3690 prudens
852 3615 979 3690 suspicio
992 3615 1146 3690 indisposi-

58 3714 160 3780 tionis3
183 3712 254 3772 alibs
268 3713 317 3771 vix
331 3712 406 3770 ullus
418 3716 517 3791 peret
529 3713 647 3779 absolvi,
669 3713 737 3771 dum
757 3728 946 3805 qnecgmqne
966 3713 1048 3787 signa
1061 3713 1151 3786 poeni·

59 3813 176 3870 tentium
203 3831 261 3870 non
287 3821 422 3887 praestent
441 3811 497 3871 nisi
523 3811 746 3887 probabilitatem
770 3803 1017 3886 dispositionis.’'²
1056 3809 1151 3867 Docet

57 3913 142 3970 etiam
176 3911 384 3969 confessarium
407 3928 501 3989 *posse
537 3910 650 3967 differre
678 3907 886 3968 absolutionem
912 3909 964 3964 rite
998 3907 1148 3982 disposito,

60 4010 172 4083 quoties
188 4009 300 4087 judicat
318 4008 481 4069 dilationem
502 4010 564 4086 ejus
584 4005 775 4069 emendationi
792 4004 902 4072 Ueni,
921 4022 986 4065 nam
1008 4005 1111 4064 medici
1125 4014 1153 4064 et

57 4107 163 4186 judicis
177 4127 282 4167 munus
295 4109 382 4168 simul
394 4110 472 4169 obita
479 4106 633 4189 innantem
645 4104 811 4185 Munda
822 4102 858 4163 ed
871 4102 1077 4187 ebriationem
1093 4123 1151 4163 non

130 4312 173 4378 (l)
193 4309 220 4361 S.
231 4309 315 4360 isidor.
326 4220 467 4378 ἰιιωΐιξ.
475 4308 600 4375 depoenit
613 4308 667 4358 dist.
679 4306 715 4359 iit.
851 4308 893 4375 (2)
913 4304 1015 4356 levin.
1027 4307 1085 4355 461.
1147 4387 1153 4395 1

100 4407 178 4467 Vol..
193 4407 331 4466 Ill-20
