2640 4860
114 365 174 421 did
310 352 369 414 DE
389 350 709 413 lMPEDlMENTlS
729 351 1013 415 MtTtttMONn.

114 544 177 586 csse
190 521 381 588 matrimonia,
405 518 540 593 quamdiu
561 518 697 578 Ecclesia
712 537 748 577 ea
767 520 845 579 irrita
864 538 925 578 non
939 521 1026 589 iecit3
1049 530 1080 579 et
1091 523 1193 598 proinde

110 628 176 704 jura
189 621 343 681 damnandi
362 621 422 679 sint
433 619 486 685 illi,
500 628 532 677 ut
543 637 594 678 eos
608 618 640 676 8.
655 617 791 694 Synodus
811 620 992 678 anathemate
1011 619 1135 691 damnat,
1155 624 1196 696 qui

114 744 148 783 ca
161 742 238 787 sera,
252 741 285 779 ac
301 731 359 778 rata
372 736 436 777 esse
451 729 565 794 negant,
585 717 773 776 nihilominus
794 717 826 775 8.
842 717 899 779 Dei
913 719 1051 779 Ecclesia
1064 722 1196 799 exjustis·

117 823 200 881 simia
213 822 307 878 musis
328 819 375 878 illa
395 836 512 894 semper
532 818 668 876 detestata
680 827 733 884 est,
754 828 838 890 atque
852 815 1049 895 prohibuit.’‘¹
1090 819 1201 880 Goncilii

114 922 260 981 decretum
287 937 338 996 per
359 928 445 976 totam
469 916 590 986 ltaliam,
610 927 639 975 et
663 915 851 993 Hispanicum
875 917 1026 985 ditionem,
1050 918 1199 980 Galliarum

115 1010 251 1099 regnum'
263 1029 291 1076 et
305 1017 485 1082 Hiberniam,
507 1017 580 1075 sicut
592 1028 621 1074 et
633 1016 696 1073 aliis
711 1016 854 1092 plerisque
867 1016 897 1074 in
910 1017 983 1076 locis
997 1020 1199 1097 promulgatum

116 1130 174 1178 est:
196 1118 247 1177 sed
261 1117 376 1176 nonnisi
398 1115 540 1173 recentius
553 1136 570 1173 a
582 1116 628 1175 die
641 1115 751 1174 scilicet
763 1121 782 1174 2
796 1115 967 1175 Decembris
982 1136 1060 1177 anno
1076 1123 1162 1188 1827,
1174 1121 1199 1178 in

116 1218 234 1278 dioecesi
248 1215 429 1276 llublinieusi
443 1214 563 1287 aliisque
575 1214 722 1274 nonnullis
736 1214 882 1273 Hibernia
896 1215 1081 1276 dimcesibns.

160 1322 227 1376 184.
249 1316 402 1374 Decretum
429 1313 484 1371 boc
504 1314 678 1389 publicatum
696 1313 857 1373 babendum
882 1334 948 1374 esse
975 1317 1006 1375 in
1033 1315 1150 1376 dioecesi
1171 1318 1199 1375 S.

117 1417 269 1484 Ludovici‚
295 1433 331 1473 eo
353 1412 429 1486 quod
450 1415 530 1489 regio
552 1415 601 1473 illa
622 1430 711 1490 penes
732 1413 880 1490 Hispanos
901 1414 1042 1474 Gallosve
1066 1416 1201 1490 quondam

115 1517 211 1585 fuerit,
225 1513 377 1574 declaravit
395 1512 526 1591 ejusdem
544 1515 699 1590 episcopus
719 1513 832 1589 Joseph
847 1513 946 1573 Rosati
960 1515 991 1573 in
1004 1515 1127 1592 Synodo
1139 1516 1200 1575 dire·

115 1633 228 1683 cesana,
255 1615 382 1691 allegans
409 1613 441 1670 S.
469 1612 667 1685 Inquisitionis
693 1612 894 1693 domums
922 1613 1103 1690 Septembris
1131 1619 1200 1674 leat

115 1714 214 1772 latum.
256 1711 402 1786 Equidem
427 1711 572 1771 decretum
592 1711 672 1777 illud.
699 1711 777 1786 quod
802 1731 861 1788 prta
886 1713 1021 1772 manibus
1046 1716 1201 1790 impresen-

116 1812 216 1871 tiarum
230 1812 380 1880 babemus,
394 1813 497 1870 merito
511 1811 580 1869 dicit
601 1810 791 1870 “Tridentini
811 1810 916 1870 decreti
930 1813 1154 1889 publicationem
1165 1815 1200 1873 ibi

116 1911 343 1988 presumendum
366 1929 430 1968 eam
449 1929 525 1978 esse,
544 1911 593 1970 nbi
613 1919 724 1969 constet
741 1909 885 1969 decretum
911 1911 984 1970 illud
1004 1911 1095 1971 fuisse
1116 1913 1201 1986 aliquo

116 2024 244 2088 tempore
265 2021 411 2084 tamquam
431 2009 576 2068 decretum
596 2010 709 2069 concilii
730 2009 944 2077 observatum‚'’
968 2010 1100 2085 illudque
1113 2015 1201 2071 obser·

116 2120 212 2169 vatum
227 2109 379 2182 aliquando
392 2108 481 2167 fuisse
495 2108 529 2166 iis
544 2108 573 2166 in
593 2110 758 2186 regionibus
777 2127 841 2167 cum
856 2108 1007 2169 Gallorum
1022 2111 1070 2169 vel
1084 2111 1202 2189 Hispan·

117 2226 199 2266 orum
213 2207 404 2266 subdebantur
416 2206 547 2283 imperio,
561 2208 695 2276 ostendit,
717 2219 777 2267 tum
787 2227 825 2267 ex
837 2208 933 2267 studio
946 2208 1145 2286 Hispanorum
1157 2231 1203 2289 pro

117 2307 250 2374 concilio,
261 2315 290 2363 et
301 2304 452 2363 Gallorum
463 2305 497 2364 ad
508 2305 688 2365 matrimonia
700 2309 878 2368 clandestina
889 2307 1086 2385 impedienda,
1101 2319 1159 2370 tum
1171 2330 1203 2370 ex

116 2405 243 2463 defuncti
252 2404 382 2481 episcopi
393 2405 690 2466 Neo-Aurelianensis
704 2409 877 2467 testimonio.
907 2407 1007 2485 Idpro
1021 2428 1052 2468 re
1065 2412 1204 2488 explorata

118 2506 279 2565 habendum
311 2516 372 2563 est:
411 2503 461 2561 sed
487 2505 523 2564 ad
549 2508 689 2581 pnroecias
709 2507 778 2566 olim
797 2517 906 2566 erectas
931 2508 1128 2585 restringenda
1148 2511 1204 2568 haec

117 2616 262 2684 putamus,
282 2623 348 2663 nam
373 2605 459 2661 Sacra
480 2605 674 2682 congregatio
688 2607 723 2664 de
737 2606 925 2684 Propaganda
948 2607 1021 2666 Fide
1042 2609 1073 2667 in
1094 2611 1154 2686 pari
1166 2628 1203 2667 re·

116 2726 178 2764 rnm
200 2704 363 2765 conditione
378 2722 452 2761 anno
476 2709 552 2762 1820
573 2704 697 2763 decrevit
718 2706 807 2764 “Pro
830 2708 932 2765 incolis
953 2706 1086 2767 dioecesis
1108 2709 1202 2775 Quebo

117 2807 221 2874 censis,
237 2807 286 2878 qui
301 2805 501 2871 missionariis‚
522 2814 551 2861 et
571 2804 662 2864 donec
683 2814 807 2872 utuntur,
831 2824 889 2864 non
902 2825 967 2864 esse
982 2807 1079 2867 locum
1093 2807 1202 2867 decreto

117 2905 229 2963 concilii
256 2903 417 2962 Tridentini
456 2903 602 2972 Tametsi,
636 2903 713 2962 nullo
740 2906 835 2963 habito
861 2915 990 2981 respectu
1019 2908 1135 2985 majoris
1161 2910 1203 2966 vel

115 3006 233 3062 minoris
248 3001 420 3061 distantiae.’'
463 3003 535 3060 Haec
558 3004 659 3062 iterum
681 3003 832 3062 inculcavit
851 3005 883 3062 8.
907 3003 1003 3082 Oong.
1026 3006 1059 3064 8.
1084 3007 1202 3080 Inquisi-

114 3105 200 3162 tionis
215 3104 328 3162 decreto
341 3108 376 3161 17
389 3101 562 3161 Novembris
579 3108 666 3171 1835,
678 3103 814 3180 episcopo
828 3105 1007 3169 Quebscensi
1018 3107 1201 3182 respondens,

115 3203 387 3275 animadvertitque:
410 3210 523 3260 “secus
538 3201 604 3261 verd
619 3203 653 3261 de
670 3203 704 3260 iis
718 3204 819 3261 incolis
833 3203 1032 3263 affirmandum
1047 3215 1101 3274 est,
1115 3207 1202 3279 quiin

114 3303 150 3359 iis
158 3302 229 3359 locis
239 3301 376 3366 habitant,
388 3300 435 3358 ubi
446 3311 513 3359 sunt
523 3303 672 3377 paroechiae
683 3302 850 3370 constitutae3
865 3303 905 3361 ibi
915 3306 992 3362 enim
1005 3305 1084 3364 nullo
1096 3305 1203 3364 modoa

111 3399 176 3474 lege
190 3399 351 3455 Tridentini
373 3397 479 3456 decreti
502 3401 646 3458 immunes
667 3401 765 3459 haberi
785 3412 914 3478 possunt,
929 3412 960 3461 ut
973 3404 1094 3480 proinde
1107 3424 1201 3464 eorum

112 3497 290 3557 matrimonia
303 3497 380 3554 irrita
394 3496 471 3563 fiant,
492 3500 517 3554 si
541 3498 619 3556 nullo
636 3508 706 3556 teste
719 3511 859 3575 praesente
872 3502 1106 3562 contrahantur.’'
1148 3505 1201 3562 Par

112 3598 195 3674 plane
217 3604 259 3654 est
271 3595 342 3654 ratio
355 3595 480 3672 regionis
502 3616 565 3670 quae
586 3597 757 3656 dioecesibus
781 3602 809 3659 N
813 3601 1072 3670 eo·Aurelianensi‚
1087 3602 1199 3662 Mobili-

111 3699 185 3766 ensi‚
200 3697 232 3756 S.
248 3696 398 3764 Ludovici‚
421 3705 449 3754 et
470 3695 647 3757 Detroitensi
668 3700 838 3768 continetur,
860 3700 894 3757 ad
921 3701 998 3759 solas
1013 3703 1122 3778 quippe
1135 3703 1200 3761 anti·

111 3814 181 3868 quas
196 3799 333 3874 paroecias
347 3796 499 3873 disciplina
521 3798 570 3857 illa
589 3800 687 3857 referri
701 3797 828 3856 videtur:
851 3799 944 3857 sedet
958 3802 1091 3874 innovas
1106 3801 1198 3861 induci

109 3895 247 3974 deinceps
263 3898 369 3974 potuit;
391 3916 571 3970 nequaquam
585 3918 653 3958 vero
667 3901 696 3957 in
710 3898 906 3966 missionibus,
917 3900 1015 3972 quales
1029 3920 1131 3960 omnes
1144 3901 1199 3960 fere

109 4005 186 4064 sunt,
205 3996 291 4073 viget.
333 3996 383 4054 Sic
397 3997 482 4055 etiam
496 3999 633 4075 episcopo
647 4000 679 4056 S.
694 3997 833 4058 Ludovici
847 4017 1016 4074 responsum
1030 4011 1083 4059 est.

144 4199 186 4263 (l)
207 4197 272 4247 Sese.
284 4199 350 4247 xxiv.
362 4215 413 4264 cap
426 4201 443 4249 i.
454 4201 527 4251 Decr.
539 4201 569 4252 de
579 4200 625 4269 res.
638 4202 715 4252 Matr.
790 4181 792 4186 ’

144 4280 187 4346 (2)
208 4280 271 4330 Vide
282 4284 435 4344 probationes
446 4286 511 4349 apud
524 4284 633 4335 Carnium
643 4286 674 4336 ds
686 4286 794 4337 Matrim.
804 4293 821 4336 t.
833 4287 859 4337 ii.
870 4303 894 4352 p.
910 4287 944 4337 iii.
957 4291 981 4348 §-
993 4288 1018 4338 ii.
1030 4304 1051 4339 c.
1064 4289 1097 4338 iii.
1108 4304 1132 4353 p.
1145 4287 1199 4335 413·
