2640 4860
404 398 461 458 oa
483 376 906 459 nrsesusam'omuus.
1143 406 1203 462 aaa

111 581 148 622 ex
160 564 267 640 copula
287 565 384 624 illicita
404 584 456 642 per
474 567 580 625 lineam
600 568 789 626 collateralem
809 570 871 626 sive
897 577 1003 626 rectam
1025 569 1197 638 resultantis,

109 662 267 721 dummodo
281 664 389 724 nullum
404 667 497 724 subsit
508 665 636 736 dubium,
657 667 734 740 quod
753 668 868 753 conjura
869 667 967 755 possit
975 685 1040 726 esse
1054 669 1149 744 proles
1164 670 1198 727 ab

111 762 198 821 altero
212 766 437 823 contrahentium
452 766 564 842 genita·
579 765 697 842 insuper
706 785 792 843 super
802 754 1006 865 irnffedimto
1020 768 1200 845 cognationis

111 863 266 936 spiritualis
292 864 376 922 etiam
396 865 469 922 inter
492 866 633 924 levantem
660 875 689 923 et
707 867 848 923 levatum:
854 858 921 925 ur
912 838 1011 942 flrller
1035 866 1200 941 disparitate

111 962 213 1029 cultus,
228 964 360 1039 gravibus
380 974 474 1022 tamen
495 964 530 1022 de
551 965 644 1023 causis
665 967 695 1023 in
716 965 836 1042 singulis
858 966 990 1023 casibus
982 986 1012 1024 rn
1026 967 1129 1038 quibus
1143 965 1200 1023 dis·

110 1062 289 1136 pensandum
304 1064 373 1120 erit:
396 1073 424 1121 et
434 1082 520 1140 super
533 1064 738 1141 impedimento
752 1065 873 1141 publicae
887 1064 1052 1134 honestatis,
1062 1067 1149 1142 justis
1163 1082 1200 1122 ex

111 1162 293 1236 sponsalibus
316 1164 517 1239 proveniente:
545 1174 573 1221 et
592 1183 679 1240 super
704 1164 908 1240 impedimento
934 1165 1073 1232 criminis,
1100 1173 1200 1222 neutro

113 1268 206 1317 tamen
233 1262 388 1339 conjugum
408 1263 599 1331 machinante,
621 1283 654 1321 ac
677 1261 841 1321 restituendi
857 1264 907 1340 jus
932 1263 1048 1340 petendi
1073 1262 1200 1321 debitum

113 1359 261 1418 amissum.
304 1361 459 1433 Plerasque
473 1363 524 1420 has
538 1362 684 1420 facultates
705 1362 914 1420 communicant
926 1363 1056 1439 episcopi
1069 1363 1201 1420 mission-

114 1459 191 1526 ariis,
213 1469 333 1536 excepta
359 1469 453 1518 tamen
477 1462 645 1537 plerumque
666 1462 796 1519 facultate
816 1461 1001 1536 dispensandi
1022 1464 1051 1520 in
1074 1460 1201 1520 secundo

111 1555 209 1634 gradu,
225 1577 311 1630 quum
327 1561 442 1618 nonnisi
463 1579 514 1635 pro
534 1570 610 1617 certo
624 1579 741 1619 casuum
755 1579 875 1618 numero
889 1563 1034 1638 episcopis
1048 1561 1118 1636 ipsis
1133 1580 1200 1618 con-

111 1655 235 1724 cedatur,
250 1657 285 1714 ad
299 1677 372 1731 quos
385 1657 504 1734 proinde
518 1659 546 1716 in
560 1660 680 1736 singulis
694 1659 805 1716 casibus
818 1677 961 1717 recurrere
974 1678 1093 1718 necesse
1107 1672 1160 1717 est.

150 1759 221 1812 215.
243 1757 401 1835 Regulares
415 1759 443 1814 vi
464 1777 579 1815 suorum
600 1759 812 1834 privilegiorum
832 1758 1009 1834 dispensant,
1031 1779 1066 1817 ex
1087 1759 1202 1817 licentia

113 1873 229 1912 suorum
259 1857 487 1932 provincialium,
515 1875 578 1914 curn
615 1857 815 1933 poenitentibus
843 1859 904 1914 suis
931 1860 959 1916 in
987 1859 1129 1924 tribunali,
1166 1858 1201 1914 ab

113 1954 319 2029 impedimento
332 1956 448 2032 petendi
463 1955 558 2023 debiti,
579 1966 694 2031 propter
714 1955 877 2014 affinitatem
891 1957 1017 2015 illicitam
1033 1956 1201 2015 insecundo

113 2053 210 2128 gradu,
233 2055 279 2112 vel
303 2065 419 2131 propter
433 2065 528 2113 votum
543 2057 689 2113 castitatis.
731 2055 899 2130 Disputatur
918 2066 1011 2113 utrum
1033 2055 1200 2131 dispensare

114 2153 224 2226 possint
249 2155 278 2212 in
305 2174 373 2212 casu
399 2155 602 2232 urgentissimo
623 2174 639 2211 a
664 2163 730 2210 voto
756 2155 889 2211 castitatis
916 2154 951 2212 ad
976 2153 1201 2213 contrahendum

114 2253 335 2320 matrimonium,
350 2255 494 2330 plerisque
509 2253 537 2310 id
551 2251 743 2330 negantibus.²

348 2507 373 2580 §.
395 2506 435 2563 ΙΙ.
477 2504 525 2563 Da
546 2523 660 2562 vauoaa
681 2521 951 2561 orsrnnsamouun.

141 2679 212 2734 216.
235 2674 276 2732 Ut
288 2674 378 2731 valeat
391 2674 565 2752 dispensatio
576 2674 693 2731 incuria
706 2672 837 2730 Romana
846 2673 1003 2747 impetrata,
1019 2671 1201 2743 “requiritur

114 2783 170 2832 tum
185 2784 217 2833 ut
229 2793 313 2832 causa
326 2774 419 2831 finalis
434 2775 471 2832 sit
482 2793 548 2831 vera
567 2783 595 2830 et
617 2773 751 2831 subsistat
770 2771 837 2829 dum
859 2769 1032 2838 conceditur,
1054 2778 1113 2827 tum
1126 2780 1158 2828 ut
1171 2772 1200 2828 in

114 2875 250 2948 petitione
273 2873 344 2932 nihil
366 2875 510 2931 omittatur
532 2891 630 2930 eorum
651 2892 714 2945 quae
730 2873 779 2949 jus
802 2879 831 2927 et
853 2871 945 2947 stylus
966 2869 1048 2926 ouriae
1070 2871 1199 2947 exigunt,

91 2974 243 3046 nihilque
256 2974 405 3031 reticeatur
424 2974 493 3041 veri,
515 2974 621 3030 ratione
642 2973 722 3048 cujus
749 2970 922 3047 dispensatio
943 2977 990 3026 aut
1012 2968 1199 3036 nullomodo,

113 3083 158 3131 aut
171 3075 287 3131 nonnisi
308 3091 372 3130 curn
393 3082 469 3130 certa
489 3071 660 3138 conditione,
682 3072 727 3128 vel
741 3070 920 3135 limitatione,
943 3063 1103 3125 daretur.’'²
1143 3067 1201 3124 Ob·

113 3174 206 3249 reptio
228 3173 261 3230 fit
281 3172 349 3230 dum
371 3171 472 3229 salsum
494 3172 665 3247 exponitur;
696 3169 863 3246 subreptitia
888 3168 990 3226 dicitur
1014 3165 1199 3242 dispensatio,

112 3290 174 3344 quae
190 3291 286 3329 verum
301 3271 446 3330 reticendo
460 3273 609 3329 obtinetur.
652 3271 686 3328 In
707 3269 831 3341 qualibet
854 3267 1066 3343 dispensatione
1080 3264 1201 3341 petenda

109 3373 209 3430 omnia
228 3370 398 3448 exponenda
419 3380 494 3438 sunt,
516 3390 578 3443 quae
599 3370 711 3427 obstant
724 3369 922 3426 matrimonio:
944 3375 1076 3423 caeterum
1090 3365 1202 3424 occulta

109 3470 316 3547 impedimenta
330 3489 391 3542 quae
405 3490 469 3528 cum
485 3471 602 3528 infamia
623 3471 775 3546 conjuncta
796 3477 871 3535 sunt,
892 3473 1014 3544 possunt
1027 3486 1043 3522 a
1057 3466 1089 3522 S.
1105 3465 1201 3524 Poeni-

109 3571 241 3629 tentiaria
253 3570 383 3636 relaxari,
405 3570 500 3653 soluto
520 3571 634 3645 publico
656 3568 862 3646 impedimento
877 3590 892 3644 a
906 3568 938 3624 S.
954 3560 1102 3623 Datariaz⁸
1122 3564 1203 3622 dum·

109 3669 199 3728 modo
223 3667 258 3726 de
284 3669 497 3744 dispensatione
518 3669 589 3725 aliirs
616 3670 771 3739 quaesitae
793 3667 907 3742 publico
928 3661 1133 3739 impedimento
1154 3663 1202 3718 fiat

111 3769 220 3827 mentio
247 3769 277 3825 in
295 3769 395 3826 littaris
422 3768 456 3826 ad
480 3766 845 3836 Poenitentiariam3‘quam
866 3764 1003 3820 rationem
1019 3761 1122 3818 imitari
1135 3761 1203 3818 licet

113 3867 238 3946 petendo
251 3870 286 3926 ab
300 3869 438 3944 episcopo
458 3866 570 3943 publice
583 3865 831 3940 ,dispensationem
853 3862 887 3919 ab
906 3860 1112 3937 impedimento
1132 3860 1202 3935 pub·

111 3967 180 4036 lico,
196 3977 223 4024 et
237 3969 270 4024 ab
285 3987 319 4025 eo
334 3968 470 4025 secretius
485 3965 681 4042 impedimenti
702 3962 806 4021 occulti
819 3962 1022 4019 relaxationem
1036 3957 1200 4036 flagitando.

148 4173 191 4235 (1)
212 4169 238 4216 s.
251 4169 326 4231 Alph.
338 4170 354 4217 1.
368 4169 399 4217 vr.
412 4185 437 4217 n.
453 4153 542 4218 naa

149 4255 191 4318 (2)
210 4252 248 4300 lta
261 4252 369 4301 Antoine
377 4257 444 4300 tract.
455 4251 485 4298 de
498 4252 557 4300 Mat
569 4267 590 4299 c.
602 4249 635 4299 iii.
650 4265 691 4313 qu.
703 4265 725 4296 v.
737 4247 815 4298 citans
827 4247 889 4311 Gap.
900 4247 987 4310 Super,
999 4242 1027 4295 de
1038 4242 1151 4310 rescript,

151 4339 193 4404 (3)
215 4337 308 4388 Bened.
321 4337 392 4388 XIV.
404 4336 490 4385 Pastor
501 4337 588 4396 bonus,
601 4339 623 4396 ξ.
636 4336 677 4382 41.

632 4436 669 4460 on
