2640 4860
364 118 424 203 'a‘

428 390 486 450 DE
508 388 686 449 OFFIOllS
708 388 956 450 CONJUGUM.
1176 399 1234 456 ³1³

141 559 298 634 generatio,
309 576 373 642 que
386 566 481 617 nmen
495 556 648 630 aliquando
659 557 767 630 absque
777 558 948 635 graniculpa
957 557 1117 618 excluditur
1127 562 1233 631 animo,

142 655 301 716 dummodo
312 656 352 717 nil
363 654 414 721 liat
432 676 491 730 quo
508 657 687 733 impediatur.
722 657 771 715 Sic
785 675 924 734 pauperes
947 667 975 715 et
996 668 1164 734 aegrotantes
1186 662 1236 720 ali-

141 755 258 826 quando
270 756 370 815 volunt
380 756 460 833 prole
478 774 571 814 carere
594 774 754 824 numerosa,
770 758 838 829 quin
852 754 916 814 ideo
933 765 1052 832 peccent
1068 761 1233 830 mortaliter,

141 853 169 910 si
193 873 258 913 eam
288 872 347 915 nou
367 854 548 932 'impediant
609 853 730 922 Quando
765 855 893 932 impedit,
920 854 1093 914 effundendo
1124 877 1235 928 semen,

139 953 266 1031 graviter
285 963 396 1033 peocrn,
415 956 456 1013 uti
475 957 566 1028 liquet
590 973 628 1013 ex
654 955 790 1029 exemplo
817 955 912 1022 Onan‚
933 949 1020 1028 q'uem
1041 954 1235 1017 effundentem

139 1066 242 1110 semen
255 1062 453 1133 superterram
468 1054 608 1132 percussit
621 1053 712 1112 Deus.
734 1053 855 1127 Quando
865 1052 930 1112 verb
940 1063 1058 1127 uterque
1069 1073 1100 1112 se
1107 1040 1243 1128 cohibet,

137 1158 173 1211 ut
187 1168 251 1211 non
270 1153 321 1211 liat
342 1138 463 1215 dominis
483 1155 542 1212 ulla
564 1151 679 1220 effusio,
703 1172 720 1210 a
742 1163 859 1229 peccato
878 1154 956 1230 gravi
977 1153 1072 1213 forsan
1093 1158 1226 1214 excusari

139 1262 273 1329 possunt,
288 1252 419 1325 quanm
431 1254 505 1312 mala
518 1253 614 1329 specie
627 1253 719 1310 coitus
733 1251 899 1329 hujusmodi
913 1272 971 1311 non
984 1264 1086 1311 careat.

180 1352 231 1408 85.
252 1348 299 1409 nd
321 1351 464 1411 vitandam
487 1353 619 1430 conjugis
642 1351 875 1410 incontinentiam
895 1352 961 1410 licet
981 1353 1105 1410 debitum
1123 1364 1236 1428 petere,-

140 1450 207 1507 “Si
228 1451 330 1524 aliquis
351 1469 403 1528 per
422 1462 515 1510 actum
535 1451 707 1510 matrimonii
720 1451 847 1509 intendat
863 1454 950 1510 vitare
972 1451 1189 1511 fornicationem
1202 1455 1233 1514 in

138 1550 275 1627 conjuge,
289 1569 347 1608 non
368 1560 412 1609 est
430 1551 544 1624 aliquod
565 1537 723 1628 peccatum,
739 1551 805 1623 quia
825 1551 886 1609 baec
907 1562 951 1610 est
963 1551 1091 1623 quaedam
1110 1550 1232 1613 redditio

137 1646 237 1717 debiti,
247 1668 310 1723 quae
321 1649 356 1707 ad
367 1651 472 1710 bonum
483 1651 550 1708 fidei
558 1642 735 1727 pertinet:'¹1
745 1651 803 1708 imo
815 1650 843 1721 id
857 1651 924 1708 licet
934 1650 968 1708 ad
978 1642 1212 1738 suamjvitandam
1223 1673 1231 1721 ς

137 1747 262 1807 charitas
277 1750 353 1808 enim
362 1760 421 1809 tum
435 1751 500 1819 sibi,
515 1759 573 1808 tum
589 1749 679 1817 alteri,
693 1751 829 1808 debetur:
852 1759 880 1807 et
892 1751 947 1808 sibi
962 1751 1084 1823 quisque
1097 1751 1230 1821 consulit,

138 1847 270 1907 subsidio
283 1849 359 1921 quod
373 1850 538 1927 conjugium
552 1851 659 1927 praebet
672 1849 787 1907 utendo.
830 1848 1009 1907 valetudinis
1029 1868 1116 1907 causa
1136 1869 1172 1909 eo
1192 1853 1233 1910 uti

137 1945 216 2005 haud
226 1949 341 2007 vetitum
353 1959 406 2017 est,
421 1952 552 2021 quamvis
561 1950 648 2021 aliqui
662 1949 691 2006 in
705 1967 740 2006 eo
753 1948 892 2006 venialem
907 1949 1020 2024 culpam
1034 1958 1199 2025 agnoscant.

178 2050 229 2104 86.
251 2047 354 2106 Petere
368 2049 493 2108 debitum
508 2049 661 2121 aliquando
674 2056 783 2105 tenetur
795 2047 921 2115 maritus,
937 2048 1052 2120 quando
1073 2049 1183 2106 scilicet
1202 2048 1231 2108 id

137 2147 333 2206 necessarium
347 2149 491 2229 existimat
504 2149 536 2206 ad
552 2166 677 2206 amorem
695 2147 916 2214 conciliandum,
928 2156 957 2206 et
970 2147 1004 2206 ad
1018 2149 1102 2206 uxori
1121 2149 1206 2207 satias
1220 2181 1231 2192 -

137 2245 283 2313 ciendum,
317 2266 381 2321 quas
415 2267 474 2325 prae
507 2247 676 2306 verecundia
709 2247 878 2323 plerumque
911 2266 969 2305 nou
1002 2247 1087 2306 audet
1120 2260 1227 2324 petere.

123 2350 160 2383 ‘¹⁴
171 2345 296 2414 Quando
309 2348 352 2405 vir
364 2346 518 2425 percipit,”
532 2347 624 2419 inquit
637 2346 669 2404 S.
682 2347 823 2413 Thomas,
845 2356 864 2382 ‘⁶
875 2366 927 2423 per
940 2348 1034 2420 aliqua
1048 2348 1140 2423 signa,
1156 2348 1233 2421 quod

138 2464 214 2504 uror
223 2445 309 2504 vellet
321 2448 376 2511 sibi
390 2447 514 2506 debitum
526 2445 617 2515 reddi,
632 2445 683 2503 sed
692 2454 808 2523 propter
818 2446 1016 2504 verecundiam
1028 2456 1111 2512 tacet,
1123 2456 1233 2507 tenetur

137 2538 308 2603 reddere.”²
339 2547 448 2605 Mulier
460 2554 553 2603 autem
569 2546 617 2602 vix
632 2554 740 2603 tenetur
753 2544 871 2602 reddere
886 2545 941 2601 nisi
963 2546 1079 2602 maritus
1093 2562 1232 2621 expresse

138 2654 226 2722 petat,
242 2644 397 2726 dummodo
410 2664 468 2704 nou
481 2645 518 2702 sit
537 2644 687 2703 timidioris
706 2642 859 2716 aliquando
872 2642 977 2700 indolis
995 2651 1023 2700 et
1035 2643 1160 2718 abjectae,
1175 2662 1232 2717 quo

137 2763 206 2802 casu
217 2744 387 2821 obligabitur
399 2764 472 2805 uxor
485 2738 523 2802 ex
533 2745 645 2802 caritate
653 2753 758 2820 petere,
768 2743 793 2800 si
807 2743 968 2819 periculum
976 2741 1191 2800 incontinentiae
1202 2743 1232 2801 in

139 2862 174 2902 eo
189 2845 340 2921 percipiat.

176 2949 227 3004 87.
251 2932 368 3021 Obnjux
389 2944 544 3021 impeditus
558 2963 574 3001 a
587 2943 709 3020 petendo
723 2944 829 3000 ratione
847 2941 954 3009 delicti,
968 2959 1005 2998 v:
1021 2960 1059 3018 g:
1075 2940 1112 2998 ob
1126 2960 1229 3018 cogna-

134 3042 253 3111 tionem,
266 3043 313 3101 vel
327 3044 492 3102 affinitatem
515 3053 686 3102 contractam
713 3042 815 3119 copula
835 3041 943 3108 illicita,
959 3048 1054 3116 potest
1071 3039 1225 3112 aliquando

135 3143 295 3221 piamine
309 3143 422 3201 alterius
445 3143 627 3209 voluntatem,
642 3141 756 3215 quaudo
776 3142 900 3218 percipit
922 3159 985 3198 eam
1008 3138 1082 3198 velle
1102 3138 1229 3199 debitum

116 3236 195 3301 siti
214 3228 316 3301 ibddi:
339 3243 572 3318 tuncenimipse
595 3260 652 3298 nou
678 3241 757 3318 petit,
774 3240 824 3298 sed
841 3239 948 3299 reddit:
964 3239 1043 3312 quod
1060 3239 1137 3297 licet.
1180 3240 1230 3299 sic

136 3342 238 3400 mulier
246 3359 305 3410 rea,
317 3343 342 3400 si
350 3343 441 3401 virum
456 3343 486 3400 in
496 3341 624 3417 periculo
636 3341 844 3399 incontinentias
858 3340 963 3398 versari
972 3339 1119 3416 percipiat,
1129 3341 1231 3416 poterit

138 3458 170 3498 ae
188 3440 304 3508 offerre,
318 3450 350 3498 ut
368 3460 432 3501 eum
454 3441 564 3517 eripiat.
599 3440 632 3497 si
653 3443 770 3518 conjux,
785 3441 872 3498 altera
892 3440 1097 3507 consentiente,
1121 3441 1232 3499 voverit

138 3534 307 3608 andana,
322 3541 421 3613 nequit
433 3549 540 3617 petere,
554 3539 600 3596 vel
623 3539 752 3607 reddere,
764 3539 820 3598 nisi
841 3542 933 3616 ipsam
948 3537 1050 3597 viderit
1062 3540 1230 3616 periclitari:

137 3656 193 3711 quo
205 3657 275 3698 casu
289 3639 385 3715 plures
399 3639 497 3698 dicunt
508 3640 595 3698 licere
608 3640 636 3697 ei
648 3640 811 3707 subvenire,
826 3656 863 3696 ex
876 3639 939 3714 ipsa
960 3638 1132 3695 matrimonii
1150 3639 1230 3696 insti-

140 3739 258 3798 tutione.

176 3842 226 3896 88.
248 3837 296 3896 Ob
309 3856 369 3895 suae
392 3838 603 3896 incontinentiae
617 3835 774 3913 periculum
794 3832 977 3909 probabiliter
998 3832 1070 3889 dicit
1087 3849 1232 3890 nonnemo

136 3936 221 3996 licere
230 3937 257 3995 ei
271 3937 321 4010 qui
333 3945 458 4005 voverat,
470 3946 566 4013 petere
575 3936 711 4002 debitum,
724 3932 837 4006 quando
849 3932 963 3989 tentatio
973 3930 1128 3988 vehemens
1138 3941 1192 3998 est,
1204 3940 1233 3986 et

137 4034 361 4114 dispensationis
380 4056 398 4094 a
410 4045 477 4095 voto
491 4035 652 4095 obtinendae
664 4033 740 4092 nulla
753 4031 835 4089 datur
846 4019 955 4106 copia.³

175 4252 218 4316 (1)
237 4247 325 4311 Suppl.
336 4246 369 4296 iii.
381 4262 406 4311 p.
418 4261 459 4310 qu.
471 4246 530 4294 xlix.
543 4251 585 4295 art.
598 4261 620 4292 v.
633 4243 671 4292 ed.
682 4247 707 4292 2.
819 4242 863 4306 (2)
881 4236 981 4299 Ibidem,
992 4252 1034 4301 qu.
1049 4235 1106 4286 xliv.
1121 4242 1165 4286 art.
1175 4234 1201 4287 ii.

521 4332 563 4398 (3)
584 4329 610 4377 S.
623 4326 697 4392 Alpb.
711 4327 728 4375 l.
740 4324 771 4374 vi.
783 4341 809 4375 n.
821 4326 880 4374 930.

92 4506 99 4519 ,
175 4431 413 4492 ueniri-as
