2640 4860
160 383 221 441 840
356 376 414 439 utt
434 373 755 438 lMPEDlMEN'l’IS
775 373 1057 436 transmonte

159 544 308 612 sationem,
335 545 544 611 intercesseritr
577 543 623 600 vel
651 541 731 618 prole
760 542 821 620 jam
846 541 961 609 habita;
996 542 1043 600 vel
1072 541 1248 599 matrimonio

160 651 315 701 contracto.
370 642 580 701 Declarandum
606 651 650 697 est
682 651 776 698 autem
800 649 893 698 utrum
925 639 1167 716 impedimentum
1194 651 1250 698 ante

161 741 274 816 nuptias
284 742 389 807 norint,
399 741 693 816 autnonnisipostea:
709 747 837 795 etutrum
846 740 947 796 ineam
957 755 1054 796 rerum
1063 739 1250 797 conditionem

160 839 292 898 consulto
305 858 336 896 se
350 839 529 906 adduxerint,
543 849 574 895 ut
586 838 762 915 dispensatio
775 837 886 894 facilius
900 835 1118 894 concederetur.

205 941 272 995 1511.
297 937 418 996 Crimen
432 937 508 1010 quod
529 936 647 1014 impedit
660 955 695 995 ne
716 935 927 995 matrimonium
941 934 1034 992 valeat
1054 933 1195 1002 contrabi,
1211 943 1251 991 est

162 1035 360 1103 hom'midium,
376 1038 420 1095 rel
437 1035 616 1102 adulterium,
632 1036 677 1093 rel
691 1046 853 1106 utrumque.
898 1032 1000 1091 Caedes
1015 1034 1176 1090 alterutrius
1190 1052 1251 1091 con·

159 1135 239 1212 jugis
252 1154 289 1192 ex
308 1136 519 1210 conspiratione
534 1146 630 1193 mutua
644 1143 750 1210 patrata
762 1133 797 1190 ab
816 1133 960 1198 alterutro,
974 1131 1021 1189 vel
1035 1133 1100 1210 ejus
1114 1131 1249 1197 mandato,

163 1232 210 1290 vel
232 1235 375 1299 suasione,
389 1245 421 1292 ut
439 1233 574 1309 deinceps
592 1234 720 1290 ineantur
734 1249 800 1288 eum
817 1232 969 1307 superstite
989 1231 1118 1308 conjuge
1141 1231 1249 1306 nuptie,

163 1330 231 1389 facit
244 1343 274 1388 nt
286 1343 428 1404 nequeant
441 1333 516 1398 iniri,
532 1331 598 1389 licet
617 1330 783 1388 adulterium
799 1329 875 1387 haud
889 1329 1049 1388 admissum
1063 1331 1120 1387 sit:
1143 1347 1207 1386 nam
1219 1328 1249 1384 de

165 1430 326 1498 Saracenis,
338 1431 386 1503 qui
398 1432 426 1489 in
440 1431 601 1506 captivitate
616 1438 635 1465 “
645 1428 829 1502 quammdam
845 1428 1065 1486 christianarum
1073 1429 1152 1485 viros
1161 1445 1250 1484 earum

164 1527 277 1586 insidiis
290 1541 319 1586 et
338 1529 592 1587 machinationibus
613 1525 810 1594 oecidemnt,’'
824 1526 974 1584 delinitum
988 1535 1044 1593 est,
1067 1525 1177 1599 “quod
1190 1525 1249 1582 siin

164 1638 284 1685 mortem
298 1629 425 1704 ipsomm
446 1628 586 1687 malitiose
600 1628 704 1685 luerint
723 1626 899 1693 machinatu,
912 1625 981 1682 licet
1000 1643 1102 1683 earum
1116 1624 1208 1682 studio
1219 1623 1248 1681 ad

163 1723 249 1782 iidem
271 1728 452 1794 accesserint,
467 1746 520 1785 nee
534 1737 627 1785 tamen
640 1727 683 1783 eis
703 1723 845 1782 adhaerere
867 1724 982 1792 debent,
997 1742 1053 1782 nec
1072 1734 1152 1791 sunt,
1166 1725 1190 1780 si
1208 1722 1248 1780 ad·

163 1821 309 1893 haeserint,
324 1828 410 1884 etiam
423 1821 608 1884 tolerandi.’'¹
648 1826 739 1883 Secus
748 1824 773 1880 si
786 1823 863 1882 nulla
877 1825 1057 1900 precesserit
1066 1825 1211 1895 utriusque
1223 1823 1248 1879 in

162 1921 269 1982 eedem
290 1925 474 2002 conspiratio,
488 1943 553 1983 nam
575 1924 724 1982 Saracenis
738 1921 773 1979 ad
787 1921 873 1980 tidem
892 1923 1040 1980 conversis
1053 1921 1137 1980 licuit
1155 1920 1246 1978 viduas

163 2038 262 2081 eorum
284 2021 397 2091 ducere,
412 2041 486 2096 quos
499 2024 527 2081 in
543 2023 641 2100 prelio
660 2014 848 2081 occiderant.²
887 2021 936 2078 Ex
958 2021 1119 2079 intentione
1141 2018 1249 2078 ineundi

164 2121 338 2178 matrimonii
346 2121 439 2180 coedes
450 2130 556 2198 patrata
566 2123 603 2179 sit
613 2138 732 2179 neeesse
741 2130 794 2188 est,
802 2117 902 2177 saltem
911 2120 945 2177 ab
954 2119 1092 2178 alterutro
1102 2128 1132 2176 et
1141 2119 1249 2192 quidem

163 2216 243 2274 alteri
252 2220 439 2285 manifestata,
450 2219 551 2276 saltem
562 2237 613 2294 per
623 2218 728 2277 indicia
736 2209 931 2276 sufficientia.³
966 2216 1154 2295 conspiratio
1165 2227 1249 2276 autem

168 2313 231 2390 ipsa
241 2334 298 2373 non
310 2317 401 2373 obstat
414 2317 502 2374 valeri
516 2316 700 2385 matrimonii,
715 2318 771 2374 nisi
786 2336 863 2375 mors
876 2335 978 2394 reapse
991 2316 1058 2375 inde
1071 2327 1213 2389 sequatur.

207 2417 274 2472 160.
302 2412 498 2473 Adulterium
532 2415 689 2474 admissum
715 2417 809 2474 obstat
834 2435 870 2473 ne
902 2418 1025 2494 conjuge
1052 2427 1166 2474 mortuo
1191 2434 1249 2473 curn

163 2511 289 2571 adultero
315 2514 420 2591 nuptiae
444 2516 584 2582 ineantur,
606 2517 631 2573 si
653 2525 716 2572 ante
736 2514 782 2572 vel
802 2524 869 2590 post
896 2514 1054 2573 admissum
1085 2513 1247 2572 adulterium

164 2615 318 2687 promissio
332 2614 404 2671 lacta
417 2616 463 2682 sit,
478 2625 506 2672 et
519 2623 671 2690 acceptata,
686 2616 801 2690 nuptias
812 2623 878 2690 post
897 2615 1029 2692 conjugis
1050 2622 1171 2672 mortem
1185 2615 1249 2670 inter

162 2729 193 2768 se
209 2713 343 2781 ineundi;
365 2732 451 2785 quum
467 2715 525 2771 “in
539 2713 695 2771 canonibus
716 2713 860 2781 habeatur,
875 2722 906 2769 ut
919 2714 1013 2771 nullus
1027 2711 1144 2787 copulet
1162 2713 1248 2769 matri·

162 2814 271 2878 monio,
286 2831 370 2884 quam
392 2814 470 2888 prius
491 2812 630 2888 polluerat
651 2811 796 2878 adulterio,
811 2820 839 2868 et
857 2811 934 2870 illam
955 2813 1083 2869 maxime
1104 2812 1151 2868 cui
1165 2810 1246 2868 fidem

161 2907 374 2969 dederatuxore
383 2931 435 2969 sua
443 2914 572 2979 vivente3
588 2912 632 2969 vel
642 2930 704 2983 quae
713 2911 872 2969 machinata
882 2912 963 2968 estin
973 2919 1093 2968 mortem
1103 2902 1248 2967 uxoris.”⁴

160 3007 230 3066 Sola
250 3019 343 3068 autem
364 3012 526 3086 promissio,
542 3011 584 3067 vel
605 3011 690 3067 etiam
710 3019 869 3067 contractus
890 3009 1065 3068 matrimonii
1086 3017 1244 3072 attentatus,

162 3125 220 3165 non
234 3110 328 3167 obstat
341 3112 522 3169 matrimonio
537 3118 735 3186 postmortem
749 3109 881 3186 conjugis
895 3107 1100 3174 contrahendo,
1112 3109 1138 3165 si
1152 3106 1249 3183 copula

160 3223 217 3263 non
232 3208 422 3265 intercesserit
435 3212 558 3286 conjuge
570 3201 708 3267 vivente.⁵
749 3208 800 3266 Nil
814 3209 907 3266 obstat
918 3208 988 3280 quin
1003 3205 1122 3264 adulteri
1137 3208 1208 3265 inter
1219 3223 1247 3261 se

162 3306 338 3371 contrahant,
352 3315 417 3382 post
433 3319 553 3364 mortem
575 3307 717 3383 conjugis,
733 3309 758 3365 si
771 3308 849 3365 nulla
862 3306 925 3364 data
937 3307 975 3364 sit
987 3306 1060 3363 fides
1082 3304 1248 3363 matrimonii

155 3399 250 3468 futuri,
265 3403 398 3475 nullaque
413 3406 510 3461 mortis
525 3405 715 3462 machinatio:
739 3424 791 3463 nec
806 3407 897 3465 obstat
917 3404 1087 3463 adulterium
1102 3423 1168 3462 cnm
1183 3421 1242 3479 pro·

155 3497 292 3557 missione
312 3502 450 3576 conjugii,
471 3502 528 3558 nisi
548 3512 664 3573 uterque
686 3502 813 3562 adulterii
834 3523 898 3561 reus
919 3504 964 3571 sit,
979 3504 1115 3562 conscius
1137 3503 1244 3561 seilicet

156 3599 281 3675 conjugii
302 3599 417 3667 vinculi,
432 3618 489 3670 quo
509 3599 639 3657 alteruter
658 3599 770 3676 ligatur.
813 3604 972 3661 Promissio
993 3602 1069 3667 ficta,
1085 3602 1131 3659 vel
1152 3601 1243 3660 condi·

158 3696 271 3766 tionata,
287 3718 344 3758 non
365 3700 474 3758 videtur
494 3699 634 3767 sufficere,
649 3699 700 3757 sed
720 3719 773 3758 nec
795 3711 891 3759 mutua
912 3701 1066 3778 promissio
1088 3702 1245 3773 requiritur.

156 3793 201 3853 De
216 3800 395 3859 matrimonio
410 3810 542 3858 attentato
552 3799 579 3857 id
594 3799 755 3868 tenendum,
768 3801 836 3858 illud
848 3799 1047 3875 promissionis
1060 3800 1120 3857 vim
1134 3800 1245 3864 habere,

157 3902 185 3949 et
210 3896 320 3955 obstare
348 3900 526 3957 matrimonio
553 3909 616 3975 post
643 3900 774 3976 conjugis
801 3910 932 3966 mortem,
952 3897 1109 3955 dummodo
1129 3909 1245 3970 uterquc

256 4052 298 4117 (l)
319 4054 381 4118 Gap.
393 4055 558 4116 Laudabilsm,
569 4054 598 4105 de
610 4057 763 4106 conversione
774 4053 925 4122 infidelium.

263 4137 307 4202 (a)
327 4136 427 4187 Ibidem.
686 4142 727 4206 (a)
748 4142 774 4188 s.
784 4141 859 4205 Alph.
872 4141 887 4188 1.
899 4140 931 4188 vr.
942 4154 968 4187 n.
979 4138 1051 4186 1034.

256 4219 299 4284 (4)
320 4219 381 4285 (lep.
394 4222 547 4286 Propositum
558 4230 595 4272 ost
606 4224 684 4285 nobis,
694 4239 721 4274 eo
730 4224 759 4276 de
771 4225 817 4292 qui
828 4224 904 4277 duxit
915 4225 944 4274 in
955 4220 1165 4274 matrimonium.

255 4301 297 4365 (ὅ)
318 4303 379 4368 Cap.
390 4306 419 4355 Si
430 4306 484 4369 quis
496 4323 573 4358 uxore
584 4308 687 4369 vivente,
695 4307 746 4360 eod.
757 4311 798 4360 tu.
