2640 4860
179 398 236 453 174
424 387 482 447 DE
504 385 671 447 statuto
692 384 1013 447 conssssstottts

176 555 326 635 pandenda
351 554 525 613 confessario
551 572 610 611 sure
633 554 738 629 linguae
765 553 874 629 ignaro,
896 552 1008 611 videtur
1033 551 1137 610 eodem
1159 551 1256 610 vinculo

176 656 278 714 secreti
299 654 511 712 sacramentalis
531 652 637 710 teneri:
659 653 700 709 uti
724 651 898 728 probabilius
913 651 1043 728 plerique
1058 660 1187 719 censent,
1200 668 1257 708 non·

177 753 263 813 nullis
289 753 471 829 opinantibus
497 770 564 809 eum
590 751 705 808 nonnisi
732 751 883 807 arctissimi
909 752 1012 808 secreti
1040 751 1178 809 naturalis
1201 749 1256 825 lege

176 854 268 929 ligari.

217 954 267 1008 uo.
290 950 408 1017 Doctor,
431 951 476 1008 vel
496 951 577 1016 alius,
599 950 658 1022 qui,
682 965 718 1006 ex
739 949 904 1024 poenitentis
925 949 1085 1016 licentias
1098 948 1261 1007 confessario

178 1051 334 1128 novitcjus
349 1060 507 1126 peccatum,
531 1058 562 1107 ut
581 1047 732 1106 consilium
753 1048 901 1124 praeberet,
922 1046 1034 1105 videtur
1056 1049 1161 1106 secreti
1182 1066 1260 1104 sacra·

177 1150 309 1207 mentalis
323 1149 493 1225 obligatione
508 1148 613 1205 teneri:
636 1145 876 1219 quandocumque
896 1147 1056 1205 consulitur
1078 1156 1111 1204 ut
1131 1147 1262 1204 confessa·

178 1250 238 1307 rius
253 1260 327 1306 recte
340 1257 419 1325 gcrat
432 1265 535 1305 munus
549 1264 652 1312 suum;
673 1263 740 1302 nam
754 1255 902 1322 peccatum
923 1247 949 1304 ei
970 1245 1172 1303 manifestatur
1193 1263 1263 1303 ocea-

178 1350 261 1406 sione
274 1347 473 1412 confessionis,
488 1356 517 1403 et
530 1344 604 1403 haud
618 1346 681 1402 sine
692 1343 829 1404 relatione
842 1343 877 1402 ad
891 1345 1114 1402 absolutionem.
1158 1343 1262 1402 “Ratio

178 1445 331 1512 habetur,”
346 1446 438 1518 inquit
451 1444 483 1501 S.
498 1444 675 1521 Alphonsus,
691 1450 711 1478 “
721 1462 758 1503 ex
772 1445 834 1520 ipsa
848 1444 1023 1501 institutione
1038 1444 1219 1510 sacramenti,
1233 1442 1262 1500 ob

180 1564 266 1618 quam
293 1543 416 1603 creditur
435 1543 570 1602 Christus
597 1543 740 1601 Dominus
762 1543 934 1619 imposuisse
960 1542 1035 1600 hanc
1062 1543 1260 1620 obligationem

180 1644 276 1731 sigilli,
290 1662 349 1701 non
362 1645 456 1702 solum
471 1643 662 1710 confessariis,
683 1641 734 1700 sed
747 1642 880 1700 omnibus
894 1641 967 1707 aliis,
988 1642 1096 1714 quibus
1107 1642 1264 1700 immediate

178 1744 222 1800 vel
237 1741 358 1800 mediate
372 1744 532 1819 pervenerit
552 1743 651 1800 notitia
675 1751 866 1819 peccatomm,
887 1740 1041 1799 occasione
1054 1741 1117 1798 sive
1132 1740 1266 1805 inordinc

178 1841 213 1900 ad
227 1841 456 1910 consessionem
471 1843 597 1914 alioquin
611 1860 669 1900 non
683 1842 750 1898 satis
764 1841 910 1917 provisum
921 1840 1264 1916 essetreverentioehujus

102 1942 108 1951 “
179 1942 359 2009 sacramenti,
386 1961 439 2000 nec
465 1943 533 1999 satis
558 1940 655 1998 odium
682 1939 873 1998 confessionis
898 1948 1025 1997 amotum
1045 1931 1199 1997 suisset.''¹
1238 1937 1264 1993 S.

179 2040 311 2099 Thomas
326 2041 382 2096 ait:
405 2049 424 2076 ‘⁶
436 2040 483 2096 ille
497 2039 531 2096 ad
546 2056 630 2109 quem
646 2039 745 2097 notitia
758 2039 867 2115 peccati
885 2036 999 2095 devenit
1018 2037 1163 2096 mediante
1181 2054 1265 2094 sacer·

177 2138 253 2206 dote,
267 2138 303 2195 de
318 2137 460 2195 voluntate
482 2136 653 2202 confitentis,
675 2139 875 2214 participatio
899 2137 995 2209 aliquo
1016 2146 1080 2194 actu
1095 2137 1263 2195 sacerdotis:

177 2244 205 2292 et
217 2236 283 2293 ideo
297 2235 391 2292 simile
405 2243 447 2291 est
460 2234 495 2291 de
508 2253 554 2300 eo,
569 2234 646 2291 etde
660 2236 823 2311 interprete,
845 2236 903 2293 nisi
925 2235 1021 2293 forsan
1048 2245 1184 2313 peccator
1206 2235 1265 2291 velit

177 2333 253 2405 quod
268 2333 315 2389 ille
330 2332 456 2389 absolute
470 2335 543 2391 sciat
554 2342 584 2389 et
595 2325 734 2391 liberc.”²

215 2435 265 2488 ul.
288 2431 346 2498 Qui
357 2431 493 2506 scriptum
502 2433 665 2509 poenitentis
676 2434 704 2490 in
716 2452 774 2505 quo
784 2444 901 2511 peccata
909 2453 960 2492 sua
970 2434 1146 2512 resertlegit,
1158 2442 1261 2492 tenetur

175 2549 287 2589 servare
303 2539 443 2588 secretum
465 2531 610 2598 naturale;
631 2551 689 2590 non
703 2531 769 2590 verb
787 2533 914 2610 sigillum
929 2533 1033 2610 frangit
1053 2533 1262 2599 sacramentale,

179 2632 204 2688 si
215 2630 321 2702 aliquid
331 2630 509 2697 manifestet;
522 2649 575 2688 nec
586 2632 661 2689 enim
676 2633 814 2708 scriptum
826 2631 894 2689 illud
903 2632 1096 2690 consessionis
1108 2633 1166 2690 vim
1176 2632 1264 2697 habet,

177 2729 227 2787 sed
241 2739 285 2787 est
304 2730 470 2806 praeparatio
484 2730 518 2787 ad
539 2731 762 2788 confessionem.
806 2731 839 2788 Si
861 2730 1053 2789 confessarius
1068 2733 1114 2789 cui
1129 2732 1264 2807 poenitens

176 2831 315 2906 scriptum
326 2822 490 2906 hujusmodi
500 2828 620 2897 tradidit,
636 2828 704 2887 illud
718 2830 886 2907 divulgaret,
898 2829 1040 2906 frangeret
1050 2830 1188 2906 sigillum,
1202 2848 1264 2886 narn

178 2928 289 2986 traditio
303 2928 344 2985 illi
364 2929 436 2986 sacta
456 2929 646 2986 confessionis
661 2929 748 2986 instar
761 2938 812 2985 est.
855 2926 940 2995 Quod
961 2929 1059 2986 scribit
1079 2937 1185 2995 mutus,
1201 2924 1266 2986 illud

177 3028 352 3086 confessario
363 3029 495 3104 prasenti
510 3027 632 3096 tradens,
647 3027 927 3087 habetconfessionis
937 3027 1075 3085 rationem
1087 3046 1094 3094 ;
1110 3027 1233 3100 ideoque
1244 3028 1265 3083 si

177 3140 244 3184 tunc
257 3127 367 3202 legatur
376 3128 410 3184 ab
422 3127 487 3194 alio,
498 3137 525 3184 et
534 3126 706 3203 divulgetur,
722 3129 899 3204 frangeretur
912 3126 1050 3201 sigillum.
1094 3127 1128 3184 Si
1143 3127 1266 3184 chartam

176 3228 205 3282 in
230 3224 433 3282 confessionali
459 3225 586 3282 relictam
611 3244 626 3280 a
652 3229 805 3301 poenitente
829 3227 893 3298 quis
913 3225 997 3300 legat,
1019 3235 1153 3282 censetur
1172 3226 1265 3302 sigillo

175 3324 275 3388 teneri,
291 3323 357 3393 quia
373 3324 434 3398 jam
459 3322 647 3379 confessionis
670 3326 757 3383 instar
776 3325 873 3383 habita
885 3333 938 3391 est,
953 3324 1021 3382 dum
1042 3335 1173 3401 porrecta
1187 3324 1266 3382 fuerit

176 3420 327 3486 sacerdoti,
343 3420 388 3476 vel
402 3438 438 3476 ex
452 3439 485 3477 ea
496 3431 611 3495 peccata
624 3422 710 3481 relata
724 3426 790 3482 sint.

214 3522 264 3577 92.
286 3519 389 3576 Peccat
400 3519 568 3594 plerumque
579 3523 702 3597 graviter
711 3525 760 3597 qui
771 3524 875 3600 scripta
885 3524 1002 3581 aliorum
1014 3524 1114 3601 legunt
1124 3525 1153 3581 in
1165 3525 1265 3596 quibus

176 3638 275 3678 eorum
290 3627 407 3696 peccata
421 3620 602 3694 suspicantur
616 3624 769 3690 recenseri,
784 3624 852 3695 quia
864 3642 965 3680 arcana
980 3643 1089 3691 eorum,
1105 3624 1140 3680 iis
1161 3623 1265 3689 invitis,

175 3730 342 3786 scrutantur,
357 3737 421 3775 curn
436 3718 585 3777 manifesto
600 3724 794 3781 estimationis
806 3741 904 3781 eorum
918 3731 947 3780 et
959 3723 1076 3780 honoris
1090 3723 1264 3780 discrimine.

175 3818 319 3880 Caeterum
334 3818 383 3892 qui
396 3818 473 3876 leves
494 3830 601 3878 tantum
615 3823 713 3898 culpas
728 3823 834 3898 scripto
848 3823 987 3879 contineri
1001 3822 1060 3879 fere
1073 3833 1150 3879 certo
1164 3822 1263 3886 sciunt,

173 3930 294 3992 possunt
319 3940 335 3976 a
361 3920 439 3994 gravi
466 3933 582 3995 peccato
610 3924 752 3989 excursari,
769 3920 836 3978 dum
858 3939 894 3977 ex
915 3922 1089 3988 curiositate,
1111 3923 1155 3980 vel
1178 3921 1264 3978 animi

172 4014 296 4087 levitate,
313 4018 382 4076 illud
404 4019 510 4095 legunt.
553 4020 610 4085 Qui
632 4039 764 4096 magnum
787 4020 878 4096 parari
899 4020 1035 4079 damnum
1057 4022 1262 4086 communitati,

172 4115 217 4170 vet
238 4117 393 4183 innocenti,
412 4120 593 4192 suspicantur
612 4120 648 4176 ob
669 4119 793 4178 rationes
814 4120 938 4177 maxime
957 4119 1127 4195 probabiles,
1149 4128 1265 4195 possent

209 4334 251 4400 (l)
271 4333 300 4382 L.
310 4336 341 4384 vi.
354 4352 378 4384 n.
391 4339 447 4386 647.
731 4347 773 4408 (2)
793 4343 879 4407 Suppl.
891 4344 924 4392 iii.
935 4359 959 4406 p.
971 4359 1011 4406 qu.
1023 4343 1056 4393 xi.
1069 4349 1111 4393 art.
1124 4343 1155 4393 iv.
1167 4344 1197 4394 ad
1208 4345 1231 4394 4.
