2640 4860
704 114 741 207 θ’.

473 367 530 426 DE
552 368 848 431 SPONSALIBUS.
1146 379 1206 434 289

113 533 218 594 cedunt
232 545 325 594 tamen
345 533 436 593 Groix
450 546 478 594 et
491 536 576 602 Viva,
590 554 657 595 curn
669 534 733 597 sliis
752 536 913 597 unctoribus
927 537 962 594 ab
982 537 1052 614 ipsis
1067 539 1204 609 adductis,

113 636 191 708 quod
218 634 319 693 oscula
338 645 367 692 et
389 636 538 710 ampiexus
561 637 645 711 juxts
671 655 779 695 morem
800 637 896 712 patriae
917 636 1071 709 aliquando
1091 642 1206 715 sponsis

114 735 239 810 permitti
252 742 391 811 possunt3
405 735 456 793 sed
471 754 527 792 non
543 736 623 793 aliter
635 753 719 807 quam
733 736 833 793 solutis
848 736 1057 810 permittuntur.
1099 738 1140 796 Et
1153 739 1207 797 hoc

113 842 160 891 est
178 833 335 909 probabile,
351 830 438 921 mogo
456 834 525 893 tales
540 843 618 891 actus
633 853 690 892 non
705 835 765 912 sint¹
781 835 872 910 pressi
887 853 937 910 per
957 835 1070 907 aliquod
1091 845 1207 915 tempus

111 934 265 1009 protracti;
285 942 317 990 ut
334 934 408 990 bene
427 931 547 991 advertit
574 933 742 1011 Roncaglia,
764 934 823 1006 qui,
847 934 931 991 etiam
955 952 1005 991 eos
1028 934 1207 997 admittit-ud

113 1031 625 1091 benevolentiaedemonstrationem:
649 1031 701 1091 sed
721 1051 775 1110 ego
795 1052 853 1091 non
873 1033 1060 1102 admitterem,
1080 1022 1206 1117 nissnbi

114 1130 226 1206 vigeret
237 1131 301 1189 talis
314 1123 434 1189 usus.''¹

374 1381 455 1456 §.IL
499 1381 546 1439 Βιι
568 1400 751 1441 sroussnrunr
771 1401 949 1442 sonunrous.

128 1629 131 1633 >
155 1589 201 1644 17.
225 1584 382 1643 Solvuntur
401 1585 547 1662 sponsalia
566 1592 672 1644 mutuo
699 1581 872 1655 ιονιιειιιιιι,2
899 1587 1029 1661 quamvis
1050 1586 1121 1645 fides
1142 1591 1205 1665 jam

113 1685 239 1761 prestita
259 1693 364 1742 temere
384 1685 544 1743 revocanda
563 1686 680 1745 nonsit.
723 1684 782 1745 Sed
803 1687 966 1762 impuberes
986 1698 1131 1758 nequeunt
1142 1698 1205 1746 ante
1273 1760 1282 1771 ,

112 1783 290 1860 pubertatem
305 1803 338 1842 ea
358 1784 489 1842 scindere
502 1778 525 1841 :³
546 1793 640 1858 potest
660 1794 755 1853 tamon
775 1782 909 1843 alteruter
921 1786 1011 1861 pubes
1027 1786 1089 1861 jam
1102 1785 1204 1854 factus,

112 1884 198 1941 etiarn
213 1882 300 1941 altero
320 1885 420 1951 invito,
432 1879 610 1941 ¹consensum
631 1883 781 1951 retrahere,
797 1903 884 1957 quum
899 1884 935 1941 ob
949 1893 1059 1942 aetatem
1081 1893 1206 1944 teneram

112 2000 213 2060 parum
223 1980 388 2040 firmasint:
411 1981 567 2039 dummodo
578 1982 680 2059 copula
690 2002 747 2041 non
762 1979 968 2041 intervenerit.⁴
1008 1982 1090 2041 Licet
1102 1982 1206 2042 luerint

108 2083 272 2157 juramento
286 2080 396 2140 firmata
409 2081 482 2140 solvi
496 2092 635 2158 possunt:
658 2083 724 2155 quia
744 2083 872 2154 sequitur
893 2090 1018 2141 naturam
1040 2093 1201 2140 contractus
1248 2144 1250 2148 ,

112 2182 159 2238 cui
174 2179 340 2238 adnectitur.

154 2284 201 2336 18.
225 2269 425 2339 Matrimonio
435 2287 506 2358 post
519 2279 596 2338 inito
610 2299 675 2337 curn
690 2279 744 2337 alia
757 2281 902 2356 sponsalia
913 2280 1061 2338 solvuntur
1073 2276 1096 2348 3⁵
1106 2300 1204 2354 quam·

113 2379 157 2436 vis
172 2379 248 2436 enim
261 2364 348 2437 tidem
368 2377 499 2436 violando
513 2388 613 2454 peccet
633 2397 768 2454 sponsus,
784 2389 945 2437 contractus
960 2381 1003 2438 vis
1017 2399 1075 2437 non
1090 2380 1203 2450 tollitur,

110 2495 214 2550 resque
228 2476 294 2549 data
312 2477 392 2535 alteri
412 2496 470 2535 non
491 2487 586 2554 potest
606 2478 708 2535 retrahi
722 2479 758 2535 ob
779 2479 1001 2553 promissionem
1022 2479 1101 2536 alteri
1124 2482 1205 2555 prius

111 2576 232 2634 saetam:
252 2566 327 2635 Sicut
338 2577 364 2634 si
384 2595 465 2634 merx
480 2576 603 2634 tradatur
617 2577 747 2652 emptori,
763 2576 837 2633 valet
856 2585 1027 2643 contractus,
1042 2577 1109 2634 licet
1123 2578 1205 2637 alteri

111 2677 191 2752 prius
218 2674 304 2734 fuerit
328 2677 479 2750 promissa.
523 2675 602 2733 Hinc
628 2675 774 2752 sponsalia
802 2674 837 2732 de
862 2674 968 2742 futuro,
993 2675 1075 2732 etiam
1099 2675 1205 2751 jurata,

111 2777 244 2833 amittunt
263 2776 334 2842 vim,
352 2764 534 2859 ssrimonio
555 2784 715 2833 contracto:
749 2773 800 2831 sed
820 2774 966 2851 sponsalia
992 2774 1150 2848 posteriora
1169 2774 1205 2832 de

111 2874 207 2932 futuro
222 2865 413 2940 matrimonio,
429 2875 508 2933 omni
529 2887 624 2932 carent
637 2875 676 2941 vi,
692 2873 917 2951 praecedentibus
936 2872 1001 2930 aliis
1022 2873 1203 2948 sponsalibus

111 2972 289 3051 hujusmodi,
305 2972 483 3047 nam-illicita
495 2983 539 3031 est
552 2974 706 3050 promissio
719 2972 761 3031 rei
773 2972 852 3031 alteri
863 2974 924 3050 jam
939 2971 1090 3048 promissa.
1126 2972 1205 3031 Hinc

112 3072 296 3132 Innocentius
311 3072 365 3131 111.
379 3066 528 3155 respondit
541 3073 680 3150 episcopo
692 3068 823 3131 cuidam:
845 3081 866 3109 “
876 3073 909 3130 Si
923 3071 994 3131 forte
1007 3090 1059 3147 per
1070 3072 1156 3128 verba
1168 3072 1204 3130 de

111 3173 207 3230 futuro
228 3171 451 3247 sponsaliacutn
463 3181 583 3244 utraque
604 3170 754 3239 contraxit,
772 3170 968 3248 juramentum
976 3168 1116 3253 'primum
1132 3171 1206 3229 siout

112 3262 315 3329 licite‘factum
329 3281 380 3338 est,
396 3272 491 3346 ipsum
513 3289 625 3328 servare
639 3268 811 3348 compellas:
834 3271 870 3329 de
884 3254 1206 3353 seemivipoeniten-

112 3370 181 3441 tiam
196 3354 426 3446 injuncturus.”⁶
467 3370 551 3436 Quod
575 3372 600 3428 si
618 3369 720 3446 copula
736 3389 801 3427 curn
823 3368 950 3430 secunda
966 3369 1083 3431 conscia
1102 3371 1205 3448 prioris

112 3452 222 3527 vinculi
241 3469 431 3537 intervenerit,
447 3468 539 3527 adhuc
560 3465 656 3528 manet
669 3469 711 3526 vis
734 3471 860 3545 priorum
881 3470 1077 3547 sponsalium3
1099 3472 1123 3528 si
1145 3472 1206 3529 haec

112 3567 183 3626 illud
207 3568 389 3644 ignoraverit,
415 3568 509 3646 plnres
533 3570 559 3626 ei
581 3570 693 3626 favent:
716 3568 766 3625 sed
785 3571 966 3627 communius
984 3577 1012 3626 et
1034 3571 1207 3646 probabilius

112 3665 240 3744 theologi
260 3666 358 3725 dicunt
377 3666 469 3725 adhuc
490 3687 554 3725 cum
574 3669 661 3744 priori
683 3668 906 3726 contrahendum
927 3669 1099 3725 necessario.
1142 3668 1208 3725 Ple·

111 3784 235 3840 rumque
255 3749 361 3825 volenti
383 3766 548 3833 secundam,
563 3787 629 3825 curn
650 3784 707 3840 qna
725 3782 784 3823 rem
805 3764 913 3830 habuit,
932 3764 1045 3831 ducere,
1060 3766 1110 3821 vix
1131 3765 1207 3821 obex

111 3852 283 3943 ‘prebendas
304 3876 460 3939 estonum
479 3865 535 3923 alio
556 3874 638 3942 pacto
656 3860 763 3951 injugit
781 3853 857 3921 baud
879 3871 1032 3937 reparetur,
1054 3874 1082 3918 et
1102 3881 1207 3937 sponsa

147 4158 150 4162 ἡ
185 4090 229 4154 (1)
249 4087 280 4136 L.
289 4088 321 4136 vi.
334 4104 359 4136 n.
371 4090 429 4137 854.
779 4085 821 4150 (2)
842 4082 1108 4148 capiideSponsul.

185 4176 228 4241 (3)
248 4173 276 4221 0.
285 4173 326 4221 vii.
337 4172 366 4222 dc
378 4173 489 4240 desperes.
501 4172 670 4238 impuberum.
783 4171 826 4236 (4)
847 4169 877 4217 G.
888 4167 936 4217 viii.
950 4167 1046 4216 ibidem.

184 4261 227 4324 (5)
248 4258 279 4306 Ο.
290 4259 359 4306 xxxi.
371 4257 576 4326 desponsalibus.
784 4257 826 4320 (6)
847 4252 877 4302 Ο.
890 4251 948 4303 xxii.
960 4251 1056 4302 ibidem.

155 4356 233 4414 Vor..
248 4354 387 4413 111.-2o
