2640 4860
377 108 436 169 DE
456 105 765 169 CONTRITIONE.
1092 117 1147 173 141

73 283 174 335 constat
187 283 282 334 autem
296 290 356 333 non
369 274 499 334 sufficere
513 293 575 334 cam
590 293 653 349 quae
672 293 709 333 ex
721 274 885 352 hujusmodi
899 292 1048 352 penarum
1060 286 1148 346 metu,

71 383 147 448 prout
157 373 189 432 in
202 391 234 431 se
254 381 331 442 sunt,
345 374 442 444 oritur,
456 393 510 433 nec
522 375 599 433 enim
615 376 665 448 qui
679 392 831 444 carcerem,
845 375 1002 446 infamiam,
1016 377 1151 454 supplici·

70 489 147 531 umve
162 473 294 531 timetob
316 473 422 531 crimen
445 481 595 550 patratum,
617 473 738 532 idoneus
764 481 808 531 est
827 473 918 533 venito
941 476 1149 544 sacramentali,

66 570 200 644 quamdiu
213 570 310 632 Deum
323 571 444 630 ultorem
458 573 489 631 in
501 571 548 630 his
561 573 695 631 omnibns
709 590 768 630 non
782 582 899 648 spectat.
922 570 1090 635 Curandum
1103 583 1148 633 est

64 671 183 730 omnino
194 679 225 728 ut
246 678 378 746 peccator
396 689 496 747 penas
518 671 673 730 inferorum
693 671 850 748 praesertim
869 672 1040 742 consideret,
1059 693 1095 732 ne
1115 673 1151 732 de

62 769 172 838 dolore,
187 776 282 827 utrum
294 769 331 826 sit
343 770 575 848 supernaturalis,
589 769 710 829 dubitari
723 779 816 843 queat.

99 872 152 926 25.
176 865 321 927 contritio
346 867 541 945 premittenda
569 878 612 926 est
636 868 818 936 absolutioni,
839 887 927 942 quum
948 868 1010 927 haec
1035 871 1150 930 nonnisi

58 967 209 1044 penitenti
223 965 314 1025 danda
326 967 371 1024 sit.
413 967 533 1026 Praestat
551 977 583 1026 ut
601 967 774 1026 confessioni
794 968 945 1045 precedat,
966 978 998 1027 ut
1010 968 1072 1027 haec
1084 968 1150 1027 iude

58 1063 189 1142 prodeat:
204 1064 257 1124 sed
271 1065 319 1139 qui
333 1065 439 1149 absque
453 1067 541 1125 animi
555 1066 652 1125 dolore
667 1066 776 1125 efficaci
794 1067 888 1127 retulit
906 1065 1069 1126 confitendo
1082 1085 1148 1144 pee-

59 1172 132 1231 cata,
143 1163 266 1224 idonens
280 1172 324 1223 est
336 1166 436 1235 veniae,
457 1167 483 1224 si
496 1167 621 1243 peccatis
634 1167 783 1225 recensitis
803 1184 838 1224 ea
857 1185 894 1225 cx
915 1168 1009 1226 animo
1029 1165 1149 1224 detecte·

61 1274 123 1322 tur:
146 1263 224 1337 quod
237 1282 274 1322 ex
287 1282 357 1322 mox
368 1263 488 1324 laudatis
508 1265 630 1325 Ritualis
650 1266 744 1323 verbis
764 1265 898 1343 colligere
911 1274 963 1324 est.
1005 1264 1150 1324 Oaeterum

59 1363 223 1436 requiritur,
237 1382 275 1422 ex
288 1365 435 1423 communi
445 1365 642 1441 theologorum
656 1365 805 1431 sententia,
818 1374 850 1421 ut
867 1364 1010 1424 confessio
1023 1363 1059 1422 ad
1071 1367 1152 1424 abso·

60 1461 201 1521 lotionem
214 1462 420 1539 impetrandam
434 1465 491 1532 fiat,
506 1459 627 1536 ideoque
641 1483 678 1522 ex
692 1462 815 1536 quodam
829 1463 935 1523 doloris
948 1483 1046 1533 sensu,
1057 1466 1104 1523 vel
1116 1482 1152 1523 eo

61 1563 158 1620 animo
172 1569 204 1619 ut
216 1561 299 1620 dolor
311 1561 447 1640 deinceps
460 1564 599 1621 excitetur
610 1583 617 1620 :
640 1582 694 1621 nec
713 1563 791 1620 enim
811 1572 993 1638 peccatorum
1006 1564 1104 1623 relatio
1117 1564 1147 1622 in

62 1660 215 1733 colloquiis
228 1662 371 1719 consuetis
384 1660 489 1719 sufficit
498 1672 530 1720 nt
543 1661 606 1734 quis
621 1661 790 1729 absolvatur,
801 1660 869 1718 licet
877 1663 907 1720 in
921 1661 1051 1720 tribunali
1064 1661 1149 1728 dicat,

64 1778 95 1818 se
109 1758 145 1818 de
158 1760 195 1818 iis
209 1777 272 1833 quae
293 1759 331 1816 ita
350 1759 482 1817 retulerat
501 1779 538 1818 ex
552 1762 648 1819 animo
662 1760 775 1820 dolere:
797 1778 863 1817 nam
889 1760 1032 1819 accusatio
1051 1778 1152 1821 coero-

63 1857 206 1918 metttalia
220 1851 396 1932 requiritur.¹
436 1856 579 1918 Contritio
599 1878 661 1933 quae
676 1860 723 1918 diu
737 1860 883 1936 praecessit
901 1858 1083 1928 confessioni,
1098 1859 1148 1917 vix

63 1977 127 2034 pars
142 1958 312 2016 sacramenti
324 1957 422 2015 haberi
435 1966 545 2033 potest:
568 1958 619 2016 sed
640 1977 703 2032 qnae
717 1959 808 2016 elicita
821 1967 865 2016 est
878 1958 973 2016 animo
986 1958 1152 2026 confitendi,

64 2057 175 2117 videtur
187 2057 328 2125 sufficere,
342 2057 409 2115 licet
421 2057 535 2115 nonnisi
549 2066 615 2133 post
633 2058 711 2117 diem
729 2077 818 2117 unum
839 2057 995 2116 alterumve
1009 2060 1154 2118 confessio

64 2157 119 2215 fiat.
159 2149 290 2232 Expedit
303 2155 419 2229 quidem
432 2155 560 2215 dolorem
582 2165 646 2214 ante
665 2157 887 2224 confessionem,
908 2157 954 2215 vel
974 2159 1076 2217 saltem
1089 2165 1153 2216 ante

64 2255 273 2316 absolutionem
282 2256 384 2314 iterum
397 2255 535 2313 excitare:
551 2256 617 2331 angi
629 2264 723 2312 tamen
736 2255 832 2311 animo
845 2272 903 2312 non
917 2253 1000 2312 debet
1011 2256 1153 2332 penitens

65 2357 110 2428 qui
123 2363 243 2432 peccata
256 2354 384 2413 dolenter
393 2354 488 2423 refert,
502 2354 570 2412 licet
581 2353 674 2411 verbis
686 2363 779 2411 actum
790 2352 968 2410 contritionis
979 2370 1038 2410 non
1047 2352 1151 2420 eliciat;

64 2455 213 2514 nonenim
227 2452 332 2513 doloris
346 2453 439 2520 verba,
461 2452 513 2511 sed
526 2453 587 2530 ipse
601 2450 756 2528 poenitendi
769 2450 882 2508 animus
895 2449 931 2506 ad
944 2459 1153 2509 sacramentum

65 2555 226 2628 requiritur.
267 2548 363 2611 Debet
384 2553 516 2610 contritio
535 2550 570 2608 ad
590 2560 797 2608 sacramentum
822 2547 931 2617 referri,
951 2556 983 2605 ut
1000 2567 1067 2624 pars
1092 2549 1155 2625 ejus

66 2651 217 2712 habeatur:
240 2659 412 2728 quapropter
431 2650 594 2728 poenitentis
614 2650 725 2707 animus
748 2647 784 2705 ad
807 2647 1015 2705 confessionem
1036 2647 1157 2723 dirigen-

67 2749 115 2809 dus
128 2760 190 2811 est:
206 2760 338 2810 caeterum
351 2751 483 2809 nonnulli
496 2747 759 2814 censentdolorem,
769 2747 817 2820 qui
828 2746 863 2804 ad
874 2745 1085 2804 confessionem
1095 2763 1154 2804 non

71 2849 151 2910 fuerit
163 2851 279 2919 relatus,
294 2849 435 2908 sufficere.
478 2849 590 2922 Siquis
609 2855 676 2924 post
694 2844 907 2905 consessionem
921 2845 1014 2903 statim
1027 2843 1156 2903 recorde-

76 2959 116 3006 tur
128 2949 252 3027 peccati‚
267 2949 338 3008 illud
352 2949 521 3008 contritione
536 2948 624 3006 animi
637 2948 737 3005 iterum
750 2944 913 3004 deflendum
926 2946 989 3012 erit,
1003 2954 1034 3003 ut
1047 2943 1159 3002 absolu·

71 3049 175 3108 tionem
201 3067 306 3108 novam
332 3049 425 3125 possit
448 3047 586 3124 recipere,
607 3064 683 3104 nova
701 3046 819 3104 materia
843 3045 934 3103 allata.
976 3044 1011 3103 Id
1035 3044 1153 3103 minime

70 3149 260 3207 necessarium
275 3155 354 3225 putat
366 3164 527 3214 nonnemc;
549 3144 601 3203 sed
614 3146 699 3204 tutior
711 3145 740 3202 in
754 3165 784 3204 re
798 3144 996 3203 sacramentali
1010 3142 1154 3219 sequenda

73 3255 111 3303 est
122 3247 273 3317 sententia,
287 3263 323 3306 ne
336 3246 415 3304 valor
428 3248 466 3304 sit
477 3244 591 3304 dubius.

369 3424 411 3492 (t)
431 3421 457 3472 s.
469 3421 544 3487 arpa.
557 3421 573 3476 1.
584 3420 616 3477 vi.
627 3437 652 3473 n.
663 3422 713 3470 aas
725 3426 750 3473 a
759 3436 784 3476 tt·
796 3422 854 3473 eoa.
