2640 4860
448 336 505 398 DE
526 335 834 398 CONFESSIONE.

327 614 354 689 §.
375 615 429 674 IX.
471 615 519 674 Dn
540 634 787 675 conrnssronrsus
808 632 969 674 rnvanmrs.

133 808 187 862 68.
211 800 341 860 Invalida
353 811 397 860 est
408 802 553 863 confessio
572 823 610 863 ex
630 815 708 881 parte
730 803 907 872 confessarii,
929 804 954 860 si
977 820 1035 861 non
1050 807 1190 881 acceperit

92 902 336 969 -urisdictionem,
350 901 397 959 vel
408 903 434 961 si
447 903 474 960 ei
488 903 573 961 fuerit
586 905 685 972 ablata,
705 903 751 961 vel
767 902 902 978 impedita
922 919 1145 978 percensuram,
1160 905 1190 962 in

92 1018 185 1073 luam
200 1001 356 1058 incurrisse
372 1020 409 1058 ex
421 1001 534 1059 decreto
551 1003 657 1080 judicis
681 1001 867 1060 ecclesiastici
887 1001 1035 1058 constabat
1054 1002 1187 1078 publice:

92 1101 139 1159 rel
155 1100 183 1156 si
204 1099 389 1158 absolutionis
415 1102 600 1185 substantiam
621 1102 769 1168 vitiaverit,
790 1101 836 1158 vel
861 1101 886 1157 si
905 1099 1015 1158 nullum
1039 1111 1187 1176 peccatum

92 1200 280 1273 aliquatenus
294 1198 472 1257 intellexerit.
975 1212 978 1217 ’

130 1301 186 1356 69.
210 1298 281 1357 Νοιι
295 1298 387 1355 obstat
400 1299 589 1357 confessionis
603 1299 701 1367 valori,
713 1299 789 1372 quod
810 1299 908 1356 omnia
917 1306 1034 1373 peccata
1045 1298 1189 1356 confessa-

92 1399 151 1455 ·ius
168 1415 230 1454 non
245 1397 425 1464 intellexerit,
440 1399 500 1455 sive
522 1398 598 1470 quod
613 1399 755 1457 surdaster
763 1406 847 1465 esset,
863 1398 908 1455 vel
921 1397 1129 1465 somnolentus,
1144 1398 1189 1455 vel

92 1497 194 1554 mimo
210 1495 376 1553 distractus:
399 1497 444 1554 vel
467 1497 593 1574 linguam
616 1499 778 1574 paenitentis
801 1515 859 1555 non
881 1496 950 1553 satis
970 1496 1100 1554 calleret:
1122 1515 1188 1555 nam

92 1605 198 1671 nosset
213 1594 399 1654 nihilominus
417 1594 559 1672 judicium
579 1596 701 1666 efficere,
717 1597 847 1669 quamvis
862 1614 918 1653 non
933 1597 1002 1654 satis
1017 1605 1188 1654 accuratum.

92 1693 247 1752 Jaeterum
262 1695 287 1750 si
301 1692 474 1770 diligentiam
489 1696 679 1754 necessariam
701 1695 736 1752 ad
758 1695 855 1752 omnia
875 1694 1058 1771 percipienda
1070 1712 1128 1753 non
1142 1695 1190 1754 ad·

92 1792 221 1860 niberet,
242 1802 380 1868 peccaret,
408 1812 495 1865 quum
521 1813 574 1852 suo
600 1795 711 1851 muneri
733 1793 854 1850 deesset.
905 1793 951 1849 Ea
977 1794 1112 1861 adhibita,
1132 1812 1190 1852 non

92 1900 213 1969 oportet
226 1909 289 1948 esse
302 1891 496 1960 solicitiorem,
518 1894 567 1966 qui
581 1892 692 1950 auditus
710 1891 823 1964 aliquali
837 1889 1000 1948 difficultate
1013 1892 1130 1960 laborat,
1144 1893 1191 1950 vel

92 1992 145 2064 qui
170 1991 278 2068 lingnae
299 1990 424 2048 notitiam
444 1990 529 2048 habet
553 1993 647 2049 minus
674 1991 837 2067 perlectam,
864 1989 1019 2048 dummodo
1046 1990 1084 2047 sit
1108 2009 1191 2062 aequa

92 2109 185 2148 rausa
212 2089 284 2146 sacri
305 2089 455 2147 exercendi
475 2090 612 2159 muneris,
634 2089 689 2147 alio
716 2088 865 2147 deficiente
892 2089 942 2160 qui
968 2089 997 2147 id
1022 2099 1188 2161 exequatur.

92 2188 285 2246 Missionarii
304 2186 410 2245 idcirco
431 2188 560 2264 plerique
580 2208 637 2246 non
661 2198 726 2246 sunt
747 2190 842 2246 animo
863 2188 996 2265 angendi,
1019 2189 1044 2246 si
1063 2187 1189 2247 fidelium

92 2289 229 2364 .inguam
252 2304 309 2344 non
330 2288 438 2362 optime
459 2289 603 2355 callentes,
624 2287 818 2346 confessiones
839 2306 896 2345 non
916 2287 1001 2363 plene
1015 2288 1189 2364 intelligant:

92 2387 259 2445 necessitas
273 2386 350 2443 enim
363 2404 491 2462 persaepe
505 2388 581 2462 cogit
593 2395 625 2444 ut
636 2387 808 2462 poenitentiae
823 2386 1020 2445 administrent
1031 2405 1190 2444 sacramen·

92 2496 176 2544 turn:
200 2483 253 2542 sed
275 2485 324 2558 qui
344 2493 424 2543 extra
443 2486 641 2544 necessitatem
655 2487 842 2561 poenitentem
865 2486 1021 2561 exciperet,
1042 2486 1123 2563 cujus
1137 2486 1190 2543 lin-

92 2603 163 2662 guae
175 2602 294 2661 prorsus
308 2593 352 2641 est
364 2585 490 2660 ignarus,
501 2575 503 2579 ¹
513 2584 585 2642 adeo
605 2593 636 2641 ut
649 2584 758 2642 nullum
771 2584 833 2659 ejus
847 2591 996 2659 peccatum
1011 2582 1190 2659 intelligeret,

92 2703 157 2743 non
172 2681 316 2741 videretur
329 2681 421 2742 valide
435 2683 591 2752 absolvere,
617 2702 705 2756 quum
719 2683 860 2739 accusatio
880 2699 943 2754 quae
957 2698 1015 2738 non
1027 2680 1191 2757 intelligitur

92 2785 189 2842 instar
202 2761 309 2840 nullius
322 2783 367 2840 sit.
860 2798 862 2803 ¹

133 2887 188 2942 70.
212 2882 359 2939 Poenitens
374 2883 422 2954 qui
436 2880 566 2940 consultd
581 2880 639 2938 adit
648 2881 854 2939 confessarium
866 2879 971 2955 lingua
984 2879 1127 2954 ignarum,
1143 2879 1190 2955 vel

92 2980 231 3048 surdum,
247 2981 293 3038 vel
306 2981 354 3053 qui
367 2981 405 3037 ita
418 2981 504 3038 refert
515 2988 628 3056 peccata
647 2989 748 3038 utnon
762 2979 962 3054 intelligantur,
978 2978 1191 3035 confessionem

92 3081 209 3139 nullam
223 3079 299 3147 facit,
314 3098 401 3151 quum
423 3088 549 3136 teneatur
568 3088 684 3155 peccata
706 3078 829 3155 pandere
850 3096 883 3134 ea
911 3078 1019 3135 ratione
1040 3094 1098 3150 qna
1115 3075 1192 3152 judi·

94 3182 178 3239 cium
200 3178 267 3236 ferri
287 3179 387 3254 possit.
429 3177 514 3244 Quod
540 3178 566 3234 si
591 3179 665 3236 bona
689 3177 746 3234 fide
772 3177 946 3244 confiteatur,
973 3184 1002 3233 et
1026 3175 1078 3232 sub
1104 3174 1191 3234 finem

97 3278 212 3336 dubitet
224 3287 316 3334 utrum
330 3277 428 3334 omnia
449 3277 610 3354 perceperit
628 3277 829 3344 confessarius,
849 3294 908 3333 non
927 3276 1039 3334 videtur
1052 3276 1139 3334 teneri
1155 3273 1192 3332 ad

97 3377 314 3436 consessionem
335 3377 482 3452 integram,
510 3394 574 3448 ‘luae
593 3375 679 3452 longa
699 3375 791 3443 luerit,
818 3374 1019 3451 repetendam3
1041 3375 1192 3433 assentitur

97 3478 181 3535 enim
197 3475 229 3531 S.
245 3475 412 3552 Alphonsus
433 3476 467 3532 iis
492 3482 511 3510 ‘⁴
524 3476 573 3547 qui
594 3473 691 3532 dicunt
713 3473 863 3533 Christum
877 3474 1037 3533 Dominum
1050 3492 1109 3532 non
1123 3493 1192 3551 prm·

99 3576 178 3632 sumi
187 3575 360 3650 imposuisse
369 3582 541 3650 praeceptum
552 3574 718 3650 integritatis
732 3593 796 3632 curn
812 3584 887 3631 tanto
901 3593 996 3642 onere,
1009 3574 1119 3631 scilicet
1132 3592 1192 3630 om-

98 3674 149 3731 nia
162 3682 280 3749 peecata
298 3671 442 3749 repetendi
456 3673 485 3729 in
505 3673 553 3729 tali
574 3665 690 3730 casu.”¹
730 3672 763 3731 Si
783 3673 924 3749 poeniteus
938 3671 1064 3729 advertat
1077 3670 1193 3741 aliquod

102 3781 253 3846 peccatum
267 3789 325 3829 non
339 3772 470 3848 intelligi,
485 3771 567 3829 debet
581 3770 650 3829 illud
664 3780 800 3847 repetere,
814 3771 947 3835 etverbis
961 3768 1126 3826 clarioribus
1143 3785 1191 3824 ex·

104 3870 220 3944 plicare.

143 3972 192 4027 71.
215 3970 264 4027 Ex
283 3976 362 4046 parte
387 3970 550 4046 poenitentis
571 3967 694 4028 invalida
720 3976 763 4024 est
788 3965 943 4033 confessio,
963 3965 989 4022 si
1013 3960 1191 4020 sacerdotem

109 4066 235 4142 ignarum
248 4068 296 4127 vel
308 4066 377 4127 alials
391 4086 508 4146 prorsus
527 4070 655 4146 ineptum
672 4065 782 4124 muneri
802 4064 869 4122 hnic
889 4061 1059 4129 exercendo,
1083 4061 1129 4120 vel
1142 4062 1192 4134 qui

533 4288 575 4353 (l)
594 4285 625 4334 L.
635 4284 667 4335 vi.
678 4299 704 4334 n.
714 4285 773 4333 499.
