2640 4860
420 367 476 427 DE
497 366 807 428 AESOLU'I'IONE.
1099 378 1156 433 221

67 542 262 612 quantocyus,
276 552 313 593 ne
328 535 480 593 voluntatis
494 542 574 595 nutet
594 535 792 612 propositum:
813 543 923 593 constat
936 537 1011 594 enirn
1026 537 1055 594 id
1077 538 1158 599 facile

67 636 195 693 evenire.
227 634 260 692 si
274 634 363 692 semel
372 635 473 712 jussus
486 634 634 692 restituere
648 634 806 710 neglexerit
818 635 969 710 poenitens,
978 654 1067 709 quum
1076 641 1160 715 copia

65 735 95 792 ei
123 734 216 801 fuerit,
237 751 302 792 ¹non
328 740 372 790 est
397 735 565 810 plerumque
592 735 674 791 venia
699 732 859 800 donandus,
883 735 940 791 nisi
965 754 995 793 re
1021 737 1155 812 perlecta

68 831 215 891 Caeterum
237 851 382 905 nunquam
404 833 488 891 debet
507 832 641 890 sacerdos
663 835 788 909 exigere,
809 832 856 889 vel
874 831 1048 902 suaderent
1066 855 1112 894 res
1132 838 1159 894 ei

66 931 194 991 tradatur
206 931 389 990 restituenda.
417 933 450 990 Si
464 933 596 1008 precibus
610 932 783 1009 poenitentis,
795 932 857 1009 ejus
868 950 955 1008 opera
967 935 1009 990 uti
1022 937 1157 1012 rogantis,

65 1031 228 1090 cedendum
254 1031 405 1104 aliquando
431 1032 581 1099 censuerit,
609 1031 764 1089 curandum
798 1039 839 1098 ut,
866 1033 1042 1090 restitutione
1075 1034 1157 1103 lacta,

66 1129 207 1188 habeatur
219 1131 358 1206 scriptum
378 1130 536 1198 creditoris,
549 1149 607 1203 quo
627 1131 734 1203 liqueat
754 1129 930 1188 sacerdotem
956 1149 1015 1189 rem
1037 1131 1159 1191 fideliter

67 1229 237 1287 tradidisse:
252 1231 347 1290 omnis
369 1231 474 1306 quippe
489 1231 616 1307 suspicio
638 1250 655 1287 a
674 1248 754 1288 sacro
775 1229 933 1288 ministerio
947 1230 1020 1288 absit
1039 1249 1157 1289 necesse

67 1337 124 1385 est.

109 1432 180 1485 208.
202 1428 274 1486 Haec
300 1428 436 1504 pleraque
463 1447 526 1500 quae
547 1428 583 1485 de
609 1428 785 1486 absolutione
811 1427 1008 1496 disseruimus,
1036 1429 1158 1488 Ritualis

67 1526 193 1586 Romani
220 1529 329 1586 monito
356 1528 543 1585 eontinentur.
586 1527 723 1584 “Videat
748 1527 897 1603 diligenter
923 1527 1088 1596 sacerdos‚''
1117 1530 1159 1586 in·

65 1627 132 1698 quit
154 1626 296 1700 “quando
320 1636 349 1685 et
369 1627 482 1698 quibus,
504 1625 684 1693 conserenda,
709 1626 754 1683 vel
775 1627 914 1703 neganda,
936 1628 982 1685 vel
1003 1626 1160 1686 differenda

65 1727 108 1785 sit
125 1727 278 1794 absolutio;
300 1745 336 1783 ne
356 1725 483 1783 absolvat
504 1744 565 1792 eos,
588 1726 638 1797 qui
659 1724 721 1782 talis
743 1725 874 1784 beneficii
899 1737 964 1785 sunt
986 1729 1156 1805 incapaces:

65 1826 169 1897 quales
195 1835 269 1893 sunt,
285 1825 335 1898 qui
354 1825 432 1882 nulla
457 1825 526 1882 dant
550 1826 632 1901 signa
652 1823 767 1892 doloris,
789 1827 838 1898 qui
860 1825 924 1882 odia
946 1835 974 1884 et
994 1827 1157 1884 inimicitias

62 1924 220 2002 deponere,
236 1932 283 1982 aut
296 1924 395 1990 aliena,
410 1924 435 1980 si
455 1933 584 1999 possunt,
599 1925 756 1990 restituere,
772 1934 818 1982 aut
839 1925 1001 2000 proximam
1016 1924 1155 2001 peccandi

60 2025 248 2083 occasionem
263 2023 404 2089 deserere,
419 2032 467 2079 aut
489 2022 544 2080 alio
559 2021 644 2079 modo
663 2031 780 2098 peccata
800 2023 1006 2096 derelinquere,
1021 2033 1049 2082 et
1069 2025 1155 2081 vitam

60 2127 94 2183 in
111 2124 214 2181 melius
235 2120 386 2180 emendare
400 2121 508 2187 nolunt,
523 2132 570 2178 aut
589 2123 639 2192 qui
652 2122 798 2197 publicum
820 2122 984 2181 scandalum
1008 2123 1153 2189 dederunt,

59 2223 123 2281 nisi
138 2222 249 2299 publice
267 2221 449 2287 satisfaciant,
464 2230 492 2277 et
504 2220 668 2277 scandalum
684 2221 815 2278 tollant.’'

381 2436 406 2510 §.
422 2436 490 2494 VII.
533 2435 580 2492 Du
603 2453 834 2493 renonnnrmus.

103 2612 175 2667 209.
199 2609 256 2674 Qui
283 2608 426 2684 praecipua
449 2607 517 2663 fidei
543 2607 680 2682 mysteria
706 2607 844 2681 ignorant,
859 2623 917 2662 non
943 2617 1010 2664 sunt
1034 2626 1153 2682 capaces

59 2708 262 2775 absolutionis,
277 2725 343 2764 nam
354 2716 397 2764 est
410 2705 568 2763 arctissima
581 2705 628 2761 lex
642 2703 707 2761 fidei
722 2722 777 2775 qua
791 2702 932 2760 credenda
945 2716 1152 2780 proponuntur,

60 2814 239 2884 quapropter
252 2806 382 2864 damnata
395 2816 440 2862 est
449 2804 628 2881 propositio:
653 2810 671 2837 ‘⁶
685 2803 879 2860 absolutionis
893 2821 983 2878 capax
997 2813 1041 2860 est
1053 2804 1151 2872 homo,

60 2906 248 2981 quantumvis
281 2905 388 2962 laboret
421 2904 580 2980 ignorantia
613 2903 813 2977 mysteriorum
846 2900 924 2968 fidei,
959 2902 1070 2960 etiamsi
1101 2922 1153 2979 per

59 3005 251 3084 ignorantiam
265 3003 436 3080 culpabilem
450 3003 559 3060 nesciat
571 3001 739 3077 mysterium
748 3000 803 3057 SS.
819 2999 967 3057 Trinitatis
980 3008 1008 3057 et
1021 3001 1152 3060 lncarna·

61 3107 151 3165 tionis
165 3101 317 3162 DomIni.”
352 3103 443 3179 Igitur
468 3099 607 3159 edocendi
626 3108 692 3158 sunt
705 3099 872 3176 poenitentes
894 3097 1034 3168 rudiores,
1050 3101 1152 3173 quibus

60 3205 203 3281 mysteria
215 3203 328 3279 singula
348 3201 531 3278 proponenda
544 3209 619 3267 sunt,
633 3208 665 3256 ut
684 3200 719 3256 iis
742 3197 810 3257 fidei
823 3207 958 3274 praestent
970 3199 1150 3273 obsequium,

62 3304 145 3362 facile
159 3304 236 3361 enim
255 3303 393 3378 contingit
405 3321 456 3359 eos
477 3319 534 3359 non
547 3317 632 3376 posse
653 3298 822 3357 documenta
842 3297 975 3356 mandare
996 3301 1151 3359 memoriae.

61 3402 210 3475 Equidem
232 3402 400 3478 plerumque
426 3399 593 3459 confessarii
613 3417 701 3476 opera
720 3400 748 3456 in
776 3398 978 3475 poenitentibus
998 3398 1152 3459 edocendis

62 3500 249 3570 desideratur,
263 3502 312 3575 qui
332 3501 424 3578 possit
443 3517 547 3578 pueros
569 3500 681 3557 virosve
707 3499 860 3566 remittere,
881 3506 913 3556 ut
933 3498 967 3556 ad
986 3518 1017 3557 se
1039 3502 1154 3558 veniant

64 3603 269 3679 opportuniore
281 3601 347 3658 loco
360 3598 534 3658 instruendi:
550 3598 627 3670 quod
640 3610 734 3657 tamen
748 3598 782 3656 de
804 3598 971 3657 mulieribus
990 3599 1152 3675 puellisque

63 3718 121 3759 non
134 3701 261 3780 expedit,
275 3718 364 3773 quum
378 3698 524 3759 decentius
538 3699 576 3755 sit
587 3708 619 3756 ut
628 3698 759 3773 privatim
768 3716 784 3754 a
793 3696 959 3774 mulieribus
969 3698 1150 3754 instruantur.

391 3930 416 4003 §.
431 3929 516 3986 VIII.
558 3927 606 3985 Du
627 3942 819 3983 uonmuncrs.

100 4101 171 4155 210.
193 4096 368 4166 Moribundi,
384 4099 433 4170 qui
446 4104 560 4174 peccata
568 4095 736 4155 confitentur
746 4099 774 4148 et
786 4089 968 4154 detestantur,
983 4087 1151 4146 absolvendi

59 4204 127 4255 sunt
140 4214 175 4254 eo
189 4196 299 4254 facilins
314 4215 371 4269 quo
391 4198 482 4273 magis
495 4206 577 4271 urget
590 4191 752 4258 necessitas,
767 4188 817 4246 sed
839 4206 872 4245 ea
893 4205 1006 4258 quoque
1028 4186 1152 4245 adhibita

59 4295 219 4372 diligentia,
234 4313 297 4369 quae
312 4297 434 4354 animam
450 4304 528 4371 paret
541 4293 635 4370 gratiae
649 4288 725 4348 certd
740 4286 939 4367 suscipiende.
980 4285 1051 4371 Ques
1065 4304 1152 4346 onera

571 4395 609 4450 20
622 4395 637 4426 *
