2640 4860
299 20 358 45 ..ις’
521 22 574 53 ''i-¹
620 22 717 47 34¹3«,
766 30 801 37 ..

283 52 334 107 .,
360 82 367 95 ,
558 22 810 133 ..ῃ-..4...

559 108 568 125 Ι
579 116 591 129 ι·
618 118 623 129 ι
658 128 662 137 ,
762 126 770 133 ..

317 206 380 283 ,δὴ
688 204 695 213 “
762 208 768 215 ’

331 270 336 277 ι
369 258 379 281 Ἰ

349 332 407 431 u'r.
427 356 594 418 sioraco
615 354 934 416 conressroms.
1128 365 1184 421 ror

94 523 213 585 :tritara
231 504 278 583 '⁴01
289 444 466 585 ratiost&
486 524 597 583 videtur
609 521 806 582 affirmandum
819 525 955 583 immania
976 524 1105 598 quaedam
1119 526 1186 586 faci·

94 641 164 709 tora
179 625 211 682 in
225 643 260 682 ea
272 624 391 709 paupri,
403 643 466 697 quae
475 625 536 683 sola
549 624 682 682 novimus
696 623 892 700 poenitentinm
906 625 1105 684 accusatione:
1121 646 1187 687 uam

93 708 160 783 ir'ret
174 725 207 782 in
229 723 353 796 aliquem
371 743 431 785 nou
452 724 518 781 ideo
540 723 622 780 cadat
641 722 778 799 suspicio,
793 723 870 780 cives
883 733 995 801 gravate
1012 724 1107 784 ferunt
1123 744 1187 802 pro·

93 841 177 881 rum
188 832 298 887 tantum
311 824 368 882 illis
381 823 478 900 objici,
489 823 570 899 cujus
583 823 651 880 alias
666 840 723 880 non
737 822 858 880 fuissent
871 821 1008 880 infamati.

122 927 183 980 82.
207 920 319 995 Contra
329 923 516 985 reverentiam
530 931 710 980 sacramento
730 921 853 978 debitam
872 932 970 998 peccat
983 922 1031 995 qui
1053 922 1188 984 derebus

93 1039 113 1080 u
137 1021 340 1103 conloquium,
352 1021 456 1081 auditis
473 1021 598 1096 loquitur
620 1029 736 1088 temere,
750 1021 817 1078 licet
842 1021 952 1079 nullum
972 1022 1009 1078 sit
1028 1022 1188 1098 periculum

93 1121 263 1181 renitentis
274 1088 430 1201 prodendi:
451 1119 503 1181 scd
516 1120 705 1181 offensionem
719 1121 792 1197 parit
808 1118 975 1196 hujusmodi
997 1138 1103 1190 sermo,
1117 1140 1188 1199 prm·

93 1221 196 1281 crtim
209 1237 309 1281 curam
319 1218 552 1297 simplicioribus,
566 1220 688 1291 ideoque
702 1220 820 1278 omnino
834 1219 965 1278 vitandus
979 1230 1032 1278 est.

122 1325 185 1378 83.
205 1318 262 1379 Ne
279 1316 394 1391 quidem
409 1338 474 1377 cum
487 1320 641 1396 poenitente
656 1320 719 1395 ipso
733 1319 768 1377 de
782 1319 865 1376 rebus
887 1320 916 1377 iu
937 1320 1119 1379 confessione
1138 1339 1188 1379 ex·

93 1419 199 1479 ›ositis
210 1419 353 1519 ullatquu
364 1419 431 1479 licet
443 1418 532 1491 loqui,
541 1438 612 1492 quas
623 1409 735 1495 oportet
747 1419 876 1494 ignorare
885 1427 964 1476 extra
974 1418 1103 1477 tribunal:
1114 1431 1191 1478 esset

94 1521 171 1578 nim
188 1517 372 1594 exprobratio
385 1516 465 1575 valde
476 1519 582 1595 gravis.
615 1519 654 1576 At
667 1520 691 1575 si
701 1519 842 1592 poeuitens
851 1518 913 1592 ipse
921 1529 1028 1591 quaerat
1035 1519 1189 1578 consilium
1278 1584 1286 1591 ,

95 1637 119 1676 e
142 1619 240 1677 rebus
266 1615 302 1674 ad
321 1618 423 1675 animae
443 1619 570 1694 regimen
591 1618 781 1682 attinentibus,
796 1626 824 1672 et
846 1615 880 1674 de
907 1618 1000 1694 culpis
1023 1619 1083 1676 suis
1102 1618 1190 1678 libere

93 1727 241 1792 aquetur,
255 1727 387 1775 censetur
412 1716 503 1775 facere
529 1716 690 1774 facultatem
713 1715 889 1774 confessario
916 1718 1014 1775 utendi
1034 1717 1135 1776 notitia
1152 1736 1190 1778 cx

93 1816 283 1877 oufessione
297 1800 431 1884 derivata,
442 1825 579 1874 utsecum
593 1817 779 1887 colloquatur.
821 1815 995 1888 Plerumque
1003 1827 1097 1875 tamen
1107 1817 1192 1876 inter·

92 1916 245 1995 ogandus
265 1926 318 1983 est,
332 1925 426 1974 utrum
449 1915 517 1973 velit
532 1915 567 1972 de
588 1916 672 1974 rebus
692 1913 858 1990 hujusmodi
879 1915 976 1988 loqui:
997 1916 1053 1973 nisi
1079 1917 1192 1990 placeat

94 2034 161 2076 um
178 2014 325 2074 remittere
338 2014 373 2075 ad
393 2024 505 2091 tempus
518 2015 704 2091 opportunius
724 2015 754 2071 in
770 2033 850 2072 sacro
871 2014 1019 2072 tribunali:
1036 2014 1113 2088 quod
1132 2017 1194 2088 qui·

92 2114 163 2175 lem
193 2115 322 2173 maxime
348 2114 523 2190 probandum
545 2106 597 2171 est.
640 2113 741 2171 Statim
764 2113 1057 2190 postconfessionem
1078 2114 1192 2192 inipso

92 2215 237 2274 tibunali
250 2215 440 2273 confessarius
454 2232 519 2272 cum
534 2214 688 2288 poenitente
701 2210 780 2287 loqui
794 2223 888 2288 potest
907 2231 945 2271 ex
966 2215 1066 2272 notitia
1084 2215 1195 2274 confes·

92 2316 205 2383 tionis,
215 2315 241 2372 si
256 2314 323 2387 quid
336 2312 574 2371 eiinmemoriam
589 2308 781 2375 revocantum
792 2315 838 2382 rit,
853 2313 898 2371 vel
911 2314 1050 2372 monitum
1059 2324 1194 2391 prmstan·

92 2413 180 2481 lum,
196 2433 264 2471 nam
280 2413 421 2490 judicium
443 2414 490 2470 vix
512 2413 667 2488 perfectum
679 2425 821 2480 censetur,
839 2430 888 2469 reo
911 2431 968 2470 non
988 2414 1126 2472 dimisso:
1142 2413 1194 2475 sed

92 2521 218 2573 ›raestat
240 2515 337 2572 omnia
356 2524 419 2570 ante
439 2512 645 2571 absolutionem
672 2511 817 2587 perficere.
866 2510 901 2567 In
923 2512 1113 2571 confessionis
1134 2523 1197 2571 actu

92 2614 166 2672 icet
186 2613 230 2670 uti
244 2614 343 2671 notitia
357 2631 393 2670 ex
407 2613 549 2687 prioribus
567 2612 795 2669 confessionibus
819 2607 951 2674 derivata,
967 2619 1106 2681 quatenus
1119 2624 1193 2687 opus

92 2714 134 2773 tit
150 2709 205 2769 'ad
229 2711 408 2789 dirigendum
431 2712 476 2769 vel
496 2710 704 2770 emendandum
730 2709 927 2786 poenitentem,
946 2717 1027 2766 caute
1050 2719 1145 2767 tamen
1167 2720 1196 2789 et

92 2811 269 2887 crudenter,
279 2830 316 2870 ne
329 2812 547 2888 exprobratione
561 2811 638 2869 haud
652 2811 812 2869 necessaria
820 2808 988 2866 delictorum
998 2826 1062 2882 quae
1070 2808 1197 2884 expiavit

91 2921 124 2969 st
138 2911 309 2983 dereliquit,
323 2931 476 2989 gravamen
492 2912 621 2987 patiatur.
939 2968 942 2975 ,

138 3014 195 3069 84.
217 3011 276 3085 Qui
290 3012 319 3069 in
333 3012 626 3087 confessionepraeria
640 3012 791 3069 molestum
801 3016 935 3086 expertus
946 3008 990 3066 est
999 3009 1195 3085 poenitentem,

91 3111 146 3169 vel
173 3112 271 3168 minus
291 3111 472 3187 dispositum,
496 3129 553 3168 non
575 3120 668 3186 potest
679 3111 787 3168 idcirco
810 3127 826 3167 e
849 3109 980 3167 tribunali
994 3107 1136 3177 recedere,
1148 3110 1195 3168 vel

91 3211 174 3269 alias
188 3228 320 3268 recusare
340 3210 550 3269 confessionem
571 3212 634 3288 ejus
654 3212 805 3286 excipere3
829 3216 905 3267 esset
917 3209 995 3266 enim
1014 3209 1197 3284 exprobratio

91 3309 250 3381 quadam,
264 3327 327 3382 quae
341 3328 494 3387 gravamen
507 3309 636 3367 afferret:
652 3310 710 3367 imo
724 3309 831 3380 nequit,
845 3310 898 3367 sub
909 3318 1045 3385 praetextu
1060 3326 1197 3380 quocum·

91 3423 171 3480 que,
180 3390 252 3469 oum·
260 3409 391 3467 confiteri
398 3409 541 3469 volentem
555 3409 690 3485 effugere,
708 3409 776 3467 licet
789 3410 932 3484 poenitens
945 3407 973 3466 id
988 3427 1047 3466 non
1061 3406 1198 3477 advertat,
1272 3406 1277 3415 ”

91 3508 171 3580 quis
183 3524 338 3587 mamert
348 3510 429 3567 foret.
452 3509 484 3566 Si
495 3516 587 3567 autem
597 3527 633 3565 ex
644 3509 797 3566 tentatione
811 3519 892 3566 autea
902 3509 937 3566 ab
947 3507 1045 3566 eadem
1059 3507 1087 3565 ei
1101 3510 1196 3585 objec-

95 3606 318 3684 tassuuspicetur
330 3609 515 3685 poenitentem
529 3607 564 3666 ad
572 3607 735 3665 tentandum
747 3625 813 3664 eum
828 3608 972 3675 accedere,
986 3607 1083 3679 utique
1100 3607 1199 3666 licebit

92 3706 216 3786 figere,
231 3694 321 3781 quum
338 3709 382 3766 sic
405 3727 463 3766 non
478 3715 570 3766 utatur
582 3708 682 3766 notitia
703 3725 741 3764 ex
761 3705 944 3764 confessione
956 3704 1062 3770 habita,
1076 3704 1128 3762 sed
1141 3707 1197 3763 ribi

96 3805 238 3869 conmlat
247 3788 291 3864 ox·
299 3808 436 3884 probabili
453 3807 616 3882 suspicione
640 3824 732 3883 pravae
755 3805 922 3863 intentionis
944 3803 1008 3879 ejus
1028 3821 1092 3875 quoe
1108 3805 1198 3879 peni·

98 3907 191 3966 tentis
204 3907 335 3982 specim
346 3906 500 3983 prasefert.
542 3907 575 3963 Si
589 3925 627 3965 ex
640 3904 821 3963 confessione
832 3905 895 3980 ejus
907 3902 1018 3960 noveru
1030 3919 1092 3958 eam
1108 3920 1197 3978 pravo

101 4005 323 4067 comitiorum
333 4004 540 4067 messuerat
554 4004 685 4071 tribunal,
699 4003 745 4060 vcl
759 4002 794 4060 ad
807 4002 870 4078 ejus
885 4001 1014 4066 domum,
1028 4019 1086 4059 non
1099 4001 1199 4058 licebit

103 4120 169 4164 eam
193 4104 344 4180 repellere,
367 4105 459 4165 donec
480 4104 620 4165 indicium
647 4101 763 4175 aliquod
786 4118 880 4177 prava
905 4098 1072 4159 intentionis
1097 4116 1199 4178 reapse

109 4204 274 4279 prebuerit:
296 4205 365 4262 aliar
379 4205 454 4263 enim
469 4205 566 4262 notitia
580 4223 617 4263 ex
631 4201 814 4261 confessione
826 4208 962 4258 uteretur.

149 4305 199 4361 05.
221 4303 302 4362 Usus
326 4303 433 4362 notitiae
459 4321 496 4363 ex
522 4303 702 4362 confessione
725 4300 868 4369 derivate,
896 4300 1004 4372 absque
1031 4299 1090 4359 ulla
1109 4300 1204 4359 arcani

190 4402 268 4507 vau*
282 4401 419 4461 tlt-16
