2640 4860
179 386 235 445 1⁸0
524 375 582 438 DE
604 374 916 439 connumeres.

177 553 207 609 in
220 551 283 625 ipsa
301 547 456 615 voluntate,
471 546 520 620 qui
533 554 577 606 est
596 546 784 605 essentialiter
796 546 861 622 ipsa
878 542 1023 611 contritio,
1036 542 1087 617 qui
1099 541 1169 603 nibil
1185 537 1239 601 aliud

177 658 221 707 est
233 664 319 718 quam
339 643 520 723 displicentia
538 646 672 722 preteriti
692 643 818 722 peccaut
839 652 868 701 et
880 642 944 701 talis
956 641 1040 701 dolor
1052 643 1085 701 in
1100 643 1243 702 contritione
1310 688 1312 695 .

177 744 291 805 excedit
302 762 405 803 omnes
425 744 497 803 alios
518 743 648 803 dolores:
670 744 893 817 quiaquantum
914 741 1023 814 aliquid
1042 743 1147 818 placet,
1161 750 1248 800 unum

176 845 351 904 contrarium
364 846 428 922 ejus
441 843 590 921 displicetz
610 841 678 901 finis
697 853 792 900 autem
810 842 929 901 ultimus
942 858 1030 917 super
1048 843 1148 901 omnia
1165 841 1250 919 placet

179 962 245 1003 eum
268 942 367 1002 omnia
387 953 504 1020 propter
523 943 618 1020 ipsum
637 938 849 1001 dulderenturr
870 948 899 997 et
911 939 977 999 ideo
996 950 1147 1017 peccatum
1166 938 1256 1013 quoda

177 1043 235 1101 fine
254 1042 356 1102 ultimo
377 1044 486 1109 avertit,
500 1058 587 1118 super
605 1040 705 1101 omnia
721 1038 873 1117 displicere
893 1037 987 1098 debet
1029 1039 1115 1099 Alius
1128 1038 1207 1098 dolor
1223 1045 1257 1097 eat

178 1144 209 1201 in
221 1154 301 1220 parte
313 1142 460 1209 sensitiva,
473 1145 522 1215 qui
536 1150 670 1199 causatur
679 1156 718 1199 ex
736 1141 831 1216 primo
850 1138 966 1198 dolore:
988 1137 1085 1197 velex
1105 1139 1259 1198 necessitate

179 1252 296 1311 namrae,
316 1241 472 1300 secundum
499 1238 577 1313 quod
599 1239 674 1297 vires
700 1239 849 1298 inferiores
871 1245 1030 1311 sequuntur
1055 1247 1167 1297 motum
1189 1254 1261 1315 supe

178 1342 306 1403 riorum:
327 1341 374 1399 vel
386 1357 423 1399 ex
435 1339 585 1405 electione,
598 1338 756 1398 secundum
777 1338 854 1412 quod
867 1338 956 1397 bomo
976 1337 1120 1412 poenitens
1134 1337 1165 1396 in
1177 1336 1263 1414 seipso

183 1440 260 1500 hunc
273 1440 401 1500 dolorem
410 1438 524 1506 excitat,
534 1446 564 1495 ut
573 1435 608 1495 de
617 1439 741 1514 peccatis
750 1438 854 1497 doleat.
887 1436 928 1495 Et
936 1444 1039 1494 neutro
1050 1435 1139 1496 modo
1151 1444 1263 1513 oportet,

183 1540 261 1613 quod
271 1542 308 1598 sit
320 1539 463 1598 maximus
472 1535 570 1594 dolor:
592 1537 659 1610 quia
665 1538 740 1595 vires
749 1537 897 1616 interiores
908 1544 1060 1594 moventur
1073 1536 1263 1595 vehementius

185 1639 221 1696 ab
239 1638 358 1716 objectis
379 1637 514 1714 propriis,
529 1653 615 1710 quam
629 1654 666 1693 cx
679 1635 866 1696 redundantia
879 1634 1060 1711 superiorum
1076 1635 1192 1694 virium.
1232 1633 1264 1693 Et

184 1734 250 1796 ideo
272 1746 377 1809 quanto
399 1737 528 1812 operatio
550 1736 729 1813 superiorum
750 1736 852 1794 virium
874 1744 918 1792 est
938 1735 1130 1810 propinquior
1154 1732 1266 1813 objectis

182 1835 360 1903 inferiorum,
383 1844 461 1894 tanto
482 1837 572 1913 magis
592 1845 749 1907 sequuntur
770 1853 869 1894 eorum
890 1840 1017 1892 motum:
1044 1842 1074 1892 et
1095 1832 1162 1893 ideo
1186 1833 1266 1910 major

183 1934 265 1994 dolor
277 1946 322 1995 est
334 1936 364 1994 in
377 1935 514 1994 sensitiva
527 1944 605 2011 parte
618 1953 655 1992 ex
667 1934 784 1993 laesione
804 1932 940 2001 sensibili,
955 1949 1041 2005 quam
1054 1934 1094 1991 sit
1109 1933 1169 2002 ille,
1184 1933 1232 2006 qui
1242 1931 1267 1990 in

182 2035 246 2111 ipsa
271 2035 409 2094 redundat
430 2053 467 2092 ex
488 2035 607 2091 ratione.
649 2033 689 2091 Et
714 2034 846 2092 similiter
871 2032 972 2109 major,
995 2032 1047 2104 qui
1071 2030 1215 2092 redundat
1235 2048 1266 2089 ex

181 2135 288 2192 ratione
305 2133 341 2191 de
361 2130 555 2207 corporalibus
575 2129 759 2200 deliberante,
774 2150 860 2206 quam
881 2132 930 2203 qui
949 2127 1089 2188 redundat
1109 2150 1147 2190 ex
1166 2132 1268 2190 ratione

182 2230 379 2289 considerante
390 2229 556 2305 spiritualia.
584 2229 668 2290 Unde
679 2229 761 2289 dolor
769 2233 800 2290 in
810 2229 946 2288 sensitiva
958 2239 1036 2305 parte
1044 2247 1082 2288 ex
1093 2229 1268 2307 displicentia

181 2329 299 2387 rationis
319 2328 490 2405 proveniens
505 2327 540 2386 dc
560 2337 687 2403 peccato,
701 2339 817 2389 nonest
836 2329 926 2407 major
938 2327 1020 2387 dolor
1033 2328 1098 2387 aliis
1118 2329 1268 2395 doloribus,

183 2428 233 2502 qui
244 2428 429 2505 inipsasunt.
451 2427 492 2485 Et
500 2428 631 2487 similiter
639 2446 693 2487 nec
706 2429 799 2498 dolor,
808 2429 858 2503 qui
867 2428 1078 2488 estvoluntarie
1089 2438 1268 2506 assumptus:

183 2536 244 2586 tum
257 2527 394 2601 quianon
407 2527 504 2588 obedit
517 2528 634 2587 affectus
654 2529 771 2589 inferior
783 2529 925 2606 superiori
939 2527 975 2586 ad
988 2537 1101 2597 nutum,
1114 2538 1147 2587 ut
1159 2537 1236 2587 tanta
1247 2534 1271 2584 et

184 2628 248 2687 talis
268 2627 365 2705 pasrio
386 2637 519 2703 sequatur
531 2630 562 2688 in
581 2629 708 2688 inferiori
721 2629 857 2707 appetitu,
872 2627 985 2700 qualem
999 2627 1113 2687 ordinat
1125 2629 1265 2706 superior:

184 2738 244 2787 tum
257 2729 343 2788 etiam
356 2729 424 2803 quia
437 2731 586 2806 passiones
604 2749 621 2786 a
638 2730 747 2788 ratione
761 2735 943 2787 assumuntur
962 2727 993 2785 in
1012 2729 1122 2786 actibus
1141 2730 1271 2787 virtutum

183 2826 344 2887 secundum
364 2847 526 2887 mensuram
547 2828 698 2902 quandam,
714 2848 798 2902 quam
813 2826 983 2901 quandoque
996 2825 1080 2886 dolor
1093 2828 1145 2899 qui
1157 2835 1202 2885 est
1214 2825 1272 2883 sine

185 2929 296 2997 virtute,
307 2946 366 2988 non
380 2939 482 2996 servat,
497 2928 548 2986 sed
561 2924 724 2988 excedit.’'¹
764 2927 843 2987 Hinc
856 2927 989 2985 contritio
997 2925 1081 2984 debet
1090 2944 1156 2984 esse
1164 2941 1273 2983 summa

184 3027 391 3106 appretiatio,
405 3047 463 3087 non
476 3027 634 3097 intentive,
648 3030 689 3088 uti
709 3028 862 3101 loquuntur
874 3024 980 3084 scholae
993 3025 1136 3105 doctores.
1180 3024 1274 3083 Plorat

187 3137 276 3184 mater
296 3128 412 3186 infantis
432 3136 552 3184 mortem
574 3147 632 3204 prae
658 3139 777 3205 peccato
797 3127 932 3194 admisso,
954 3143 1017 3198 quae
1037 3134 1134 3184 tamen
1153 3122 1274 3182 noluerit

184 3223 330 3299 peccando
344 3227 430 3282 vitam
444 3225 506 3300 ejus
519 3243 641 3283 servare.
684 3226 766 3303 Opus
787 3237 882 3284 tamen
894 3234 1018 3293 nonest,
1033 3243 1086 3282 nec
1105 3225 1271 3300 plerumque

184 3321 312 3396 expedit,
327 3322 466 3398 speciales
480 3311 606 3380 'eventus
626 3324 794 3401 ponderare,
813 3324 998 3383 deliberantes
1018 3332 1112 3383 utrum
1132 3340 1272 3382 aerumnas

187 3419 331 3495 graviores
343 3421 400 3495 pati
408 3421 499 3496 parati
513 3421 613 3490 simus,
628 3424 723 3499 potius
734 3443 822 3496 quam
833 3432 983 3501 peccatum
997 3422 1144 3481 admittere
1157 3417 1182 3480 :²
1202 3432 1275 3481 tanta

185 3517 263 3576 enim
288 3526 331 3574 cst
356 3537 450 3576 rerum
473 3536 575 3577 sensus
596 3521 780 3581 afficientium
805 3524 859 3591 vis,
877 3532 906 3581 et
931 3523 1035 3581 mentis
1061 3522 1223 3591 infirmitas,
1244 3529 1273 3579 ut

186 3616 343 3696 periculum
354 3618 392 3676 sit
400 3636 558 3676 consensus
568 3619 596 3676 in
609 3629 767 3697 peccatum,
776 3640 812 3679 ne
818 3622 976 3681 calamitate
990 3622 1084 3694 aliqua
1092 3639 1270 3698 premamur:

185 3737 272 3793 quem
292 3727 385 3777 tamen
405 3718 500 3777 sorsan
520 3717 597 3777 haud
617 3731 826 3797 praestaremus,
848 3722 938 3798 gratia
957 3719 1045 3797 adjuti
1063 3719 1102 3778 'ad
1121 3720 1274 3780 discrimen

186 3819 340 3878 imminens
361 3817 571 3878 declinandum.
619 3821 689 3879 Non
714 3830 825 3897 oportet
850 3821 968 3880 omnino
994 3818 1067 3897 apud
1095 3838 1127 3877 se
1154 3830 1273 3878 statuere

188 3927 338 3995 peccatum
364 3939 421 3996 prae
441 3919 551 3978 inferno
571 3920 680 3998 sugere,
700 3940 767 3979 nam
788 3928 926 3996 repugnat
944 3919 1038 3978 ordini
1057 3920 1161 3978 divinae
1182 3918 1274 3996 provi·

189 4015 312 4083 dentiae3
342 4019 468 4080 infernus
494 4019 571 4078 enim
591 4030 634 4079 est
653 4039 738 4098 poena
764 4018 884 4097 peccati,
908 4027 936 4077 et
955 4020 1079 4078 animam
1103 4021 1134 4077 in
1160 4027 1274 4098 peccato

388 4260 431 4322 (¹)
451 4258 536 4322 8ΗΡΡῙ·
549 4259 582 4308 tii
592 4276 617 4325 p·
626 4278 668 4325 qu.
676 4261 709 4311 iii.
722 4267 765 4310 art.
776 4260 792 4309 i.
827 4259 903 4325 Resp.

386 4342 429 4408 (2)
454 4341 513 4389 Vide
523 4340 688 4394 Busembaum
701 4344 765 4407 apud
776 4345 802 4391 S.
813 4342 888 4406 Alph.
900 4342 916 4391 1.
928 4341 960 4391 vi.
971 4358 995 4392 n.
1006 4345 1067 4391 433.
