2640 4860
113 364 171 422 14⁶
456 352 513 413 DE
536 351 848 416 CONFESSIONE.

110 523 247 591 eandam,
261 537 324 594 qne
343 520 406 579 sine
420 518 517 578 dolore
530 538 589 579 non
609 530 703 598 potest
724 521 831 580 haberi.
876 517 1019 578 Celeriter
1039 513 1170 598 peragenda

108 634 230 692 estnec
251 620 330 679 enim
343 637 439 678 moras
452 630 567 678 nectere
585 619 676 696 juvat,
691 620 804 696 prolixa
822 638 917 679 rerum
939 621 1129 686 enarratione3
1139 613 1174 674 sed

109 722 208 803 paucis
222 719 390 797 plerumque
412 719 507 777 verbis
521 736 584 791 quar
604 718 772 777 admisimus
791 718 962 777 declaranda
981 727 1058 776 sunt.
1097 713 1176 778 Fortia

110 821 240 887 habetur,
254 818 303 892 qui
323 836 415 894 poenae
429 816 579 877 formidine
593 816 670 876 haud
683 817 837 876 deterretur
849 837 866 875 a
886 817 997 876 delictis
1013 815 1178 875 declarandis.

111 918 245 980 decusat
257 936 290 976 se
304 927 446 994 peccator,
460 935 524 991 que
538 917 567 975 in
580 917 625 975 sui
638 917 851 975 excusationem
872 916 1086 990 quodammodo
1099 914 1184 974 cedunt

110 1020 243 1079 reticens.
277 1016 411 1090 Denique
420 1018 547 1074 animum
561 1026 690 1092 paratum
703 1015 809 1074 habere
819 1024 932 1093 oportet
941 1013 977 1072 ad
990 1033 1026 1072 ea
1035 1014 1188 1088 exequenda

111 1136 175 1193 quae
189 1115 321 1176 sacerdos
330 1117 451 1193 jusserit
463 1117 493 1174 iu
506 1125 685 1191 peccatorum
699 1115 902 1191 expiationem.
937 1112 1096 1173 Confessio
1110 1125 1192 1174 autem

112 1219 151 1277 ita
163 1215 294 1276 facienda
305 1225 350 1273 est
368 1222 399 1273 ut
418 1214 607 1291 intelligatur:
629 1232 683 1273 nec
703 1215 780 1272 enim
806 1213 935 1273 confiteri
955 1212 1014 1272 dici
1035 1223 1134 1291 posset
1154 1214 1195 1290 qni

114 1316 212 1384 surdo,
225 1316 328 1393 lingua)
343 1331 459 1391 prorsus
480 1313 591 1390 ignaro,
606 1312 779 1381 dormitanti,
793 1313 839 1371 vel
859 1312 928 1371 alias
950 1311 1029 1371 haud
1049 1312 1199 1372 advertenti

112 1414 148 1474 ad
161 1415 246 1484 dicta,
259 1413 377 1473 referret
388 1421 520 1490 peccata:
542 1421 677 1473 caeterum
691 1413 834 1490 poenitens
848 1413 934 1472 nimis
954 1412 1023 1490 augi
1037 1431 1097 1471 non
1116 1410 1200 1479 debet,

115 1533 217 1574 verens
232 1532 268 1573 ne
281 1511 356 1572 haud
369 1514 438 1570 satis
452 1511 634 1588 intelligatur.

155 1619 205 1673 34.
227 1611 450 1672 Confessioncm
477 1610 575 1669 divino
590 1612 656 1688 jure
676 1611 793 1689 praecipi
819 1610 888 1672 alies
914 1608 1108 1680 ostendimus,
1133 1609 1204 1685 quod

116 1712 285 1771 Tridentina
297 1711 428 1789 synodus
442 1711 596 1789 perspicuo
609 1711 702 1770 docet
746 1709 827 1768 “Ex
846 1710 1023 1769 institutione
1037 1711 1205 1769 sacramenti

116 1810 295 1871 Poeuitentia
320 1812 454 1870 universa
473 1809 606 1868 Ecclesia
632 1827 747 1887 semper
768 1807 918 1877 intellexit,
938 1809 1098 1868 institutam
1125 1810 1206 1868 etiam

118 1928 183 1969 esse
197 1931 213 1969 a
226 1909 355 1969 Domino
369 1911 507 1987 integram
522 1918 704 1985 peccatorum
717 1908 939 1976 confessionem,
954 1917 983 1966 et
995 1909 1133 1968 omnibns
1146 1916 1208 1987 post

116 2011 290 2088 baptismum
311 2009 400 2087 lapsis
416 2011 481 2086 jure
501 2007 597 2066 divino
617 2009 808 2066 necessariam
821 2007 960 2066 existeret
982 2008 1053 2080 quia
1064 2006 1208 2067 Dominus

119 2120 217 2168 noster
229 2108 316 2166 Jesus
331 2107 466 2166 Christus
486 2124 502 2164 e
525 2106 606 2163 terris
620 2125 790 2166 ascensurus
811 2106 847 2165 ad
866 2107 963 2176 coelos,
985 2107 1151 2166 sacerdotes
1165 2108 1208 2165 sui

117 2207 208 2283 ipsius
221 2205 343 2263 vicarios
356 2206 480 2279 reliquit,
494 2214 629 2277 anquam
642 2205 779 2281 presides
793 2215 823 2264 et
836 2205 960 2284 judices,
975 2205 1011 2262 ad
1026 2224 1100 2279 quos
1114 2207 1209 2265 omnia

118 2305 247 2364 mortalia
260 2303 380 2360 crimina
399 2303 567 2370 deferantur,
588 2304 617 2361 in
640 2322 703 2377 quae
724 2303 933 2364 Christifideles
956 2304 1131 2363 ceciderint:
1159 2305 1206 2379 qui

116 2421 169 2481 pro
182 2409 319 2479 potestate
333 2401 466 2470 clavium,
486 2403 676 2471 remissionis,
696 2414 744 2462 aut
762 2405 928 2463 retentionis
949 2413 1135 2482 peccatorum
1150 2423 1211 2463 seu·

117 2503 232 2561 tentiam
252 2502 447 2578 pronuntient.
501 2500 623 2561 Constat
640 2503 717 2561 enirn
737 2504 899 2562 sacerdotes
915 2502 1059 2582 judicium
1079 2503 1148 2572 hoc,
1170 2504 1210 2562 iu·

119 2602 232 2679 cognita
244 2621 340 2669 causa,
354 2619 487 2661 exercere
501 2621 559 2661 non
573 2603 712 2678 potuisse,
727 2621 820 2676 neque
834 2604 994 2676 equitatem
1015 2603 1134 2676 quidem
1147 2602 1211 2661 illos

120 2703 149 2761 in
163 2702 255 2780 poenis
269 2702 451 2781 injungendis
465 2720 577 2760 servare
591 2701 729 2779 potuisse,
744 2703 812 2761 siin
826 2721 930 2780 genere
944 2701 1091 2771 duntaxat,
1113 2712 1142 2760 et
1153 2720 1210 2760 non

120 2803 215 2880 potius
230 2803 258 2861 in
273 2802 379 2879 specie,
394 2821 427 2860 ac
440 2802 586 2878 sigillatim
599 2819 652 2858 sua
662 2801 717 2877 ipsi
730 2813 845 2878 peccata
858 2798 1100 2860 declarassent.”l
1121 2800 1211 2874 Equi·

121 2901 185 2960 dem
200 2902 230 2960 in
244 2901 364 2977 epistola
384 2901 579 2974 antiquissima
598 2901 736 2959 Barnabae
758 2901 899 2978 adscripta
922 2901 1078 2960 confitendi
1092 2910 1208 2978 peccata

120 3001 170 3059 lex
183 3001 339 3059 inculcatur
349 2996 374 3058 :²
388 3009 407 3036 “
418 3000 608 3059 Confiteberis
622 3009 737 3077 peccata
749 2999 828 3058 tua.''

160 3104 209 3159 35.
232 3099 364 3177 Diligens
378 3100 603 3178 praemittendum
619 3109 662 3156 est
674 3101 856 3158 conscientiae
869 3117 1000 3158 examen.
1043 3097 1211 3159 Concilium

121 3197 322 3257 Tridentinum
343 3198 426 3257 docet
448 3208 607 3275 “oportere
630 3218 646 3254 a
665 3201 866 3274 penitentibus
887 3199 984 3257 omnia
1003 3207 1119 3274 peccata
1140 3217 1212 3257 mor·

120 3297 196 3364 talia,
211 3314 331 3368 quorum
342 3306 409 3375 post
421 3297 585 3372 diligentem
597 3297 643 3354 sui
653 3296 862 3357 discussionem
877 3297 1082 3357 conscientiam
1096 3297 1209 3364 habent,

122 3395 151 3451 in
165 3393 347 3452 confessione
361 3395 504 3453 recenseri
514 3385 542 3463 3'.
554 3437 561 3454 .
572 3437 580 3453 .
591 3405 718 3454 .coustat
731 3399 819 3467 enirn,
834 3399 905 3457 nihil
919 3397 994 3456 aliud
1008 3399 1039 3455 iu
1051 3397 1213 3455 Ecclesiae

122 3492 324 3570 penitentibus
347 3494 435 3570 exigi,
456 3512 540 3566 quam
561 3504 602 3563 ut,
623 3505 775 3571 postquam
800 3499 921 3571 quisque
941 3496 1105 3574 diligentius
1119 3515 1151 3554 se
1164 3514 1210 3554 ex·

122 3593 252 3660 eusserit,
266 3601 294 3650 et
306 3593 485 3650 conscientie
506 3611 564 3651 suaa
585 3595 666 3653 sinus
686 3614 797 3665 omnes,
819 3608 848 3654 et
868 3597 989 3656 latebras
1010 3597 1210 3673 exploraverit,

122 3711 156 3752 ea
170 3701 284 3771 peccata
296 3693 473 3762 confiteatur,
487 3693 590 3767 quibus
604 3715 636 3752 se
649 3694 807 3755 Dominum
828 3708 856 3754 et
875 3696 971 3755 Deum
991 3714 1077 3754 snum
1091 3695 1210 3754 mortali·

123 3802 165 3852 ter
178 3793 333 3869 offendisse
346 3785 555 3853 meminerit.”³
595 3794 754 3872 Diligentia
773 3796 833 3854 haec
854 3815 888 3854 ea
909 3795 1160 3871 intelligiturque
1182 3795 1211 3853 iu

121 3894 205 3952 rebus
227 3895 403 3974 gravissimis
428 3894 554 3954 adhiberi
567 3896 650 3964 solet,
672 3905 701 3954 et
719 3896 930 3973 proportionem
951 3903 1045 3953 servat
1063 3914 1130 3955 cum
1144 3903 1211 3952 tent·

158 4062 201 4126 (l)
221 4062 287 4111 Sese.
297 4062 348 4111 xiv.
359 4077 411 4126 cap.
423 4077 446 4111 v.
458 4061 488 4111 ds
498 4061 582 4127 poenit.

153 4143 196 4206 (2)
215 4141 383 4215 Εξομωωγὴσῃ
395 4146 435 4199 ἐπὶ
447 4163 575 4214 inproperare
595 4163 646 4200 oon.
668 4146 937 4207 §.manendumne
955 4146 1057 4208 videtur,
1073 4147 1113 4196 vel
1133 4145 1210 4195 forsan

120 4227 195 4272 totam
205 4227 353 4288 poenitentiae
364 4229 517 4293 disciplinam
527 4231 704 4295 complectitur.
783 4247 787 4257 ·

155 4309 197 4373 (3)
217 4307 282 4357 Sese.
293 4310 342 4359 xiv.
355 4326 407 4374 cap.
421 4327 444 4359 v.
455 4311 486 4360 de
496 4314 581 4376 poenit.
