2640 4860
158 376 200 433 76
347 369 406 430 DE
426 368 718 432 EUOHARISTIA
737 368 1046 431 MINISTRANDA.

592 875 734 935 CAPUT
753 874 809 933 111.

456 1091 496 1130 on
516 1090 717 1131 nucumumm
735 1058 955 1130 mucronum]

326 1250 351 1324 §.
366 1249 391 1307 Ι.
433 1249 491 1315 Qur
504 1267 625 1309 rossuur
638 1267 822 1308 ururscaanu
836 1250 1081 1307 Eucusmsararr.

203 1406 252 1460 23.
274 1400 323 1458 Ex
345 1398 550 1458 consuetudine
576 1401 745 1472 cuicumque
765 1399 925 1459 celebrandi
945 1400 1062 1458 habenti
1087 1398 1252 1458 facultatem

163 1501 231 1559 licet
243 1500 474 1557 communionem
488 1500 647 1557 ministrare
660 1498 792 1557 fidelibus
802 1499 914 1557 adeam
927 1498 1137 1557 accedentibus.
1158 1499 1252 1572 Equi·

164 1598 229 1657 dem
244 1598 398 1673 Religiosis
411 1598 464 1656 sub
477 1598 780 1656 excommunicationis
801 1598 888 1674 Papae
908 1607 1056 1656 reservatae
1077 1616 1163 1674 poena
1175 1607 1254 1656 veta·

164 1709 209 1755 tur
228 1697 361 1755 viaticum
382 1698 519 1774 prebere,
542 1716 608 1755 cum
629 1696 658 1754 id
678 1698 716 1754 sit
734 1697 853 1774 parochi
873 1716 993 1755 munus:
1016 1706 1045 1754 et
1063 1696 1211 1773 plerisque
1225 1699 1255 1755 in

163 1796 234 1855 locis
248 1806 394 1868 nequeunt
407 1795 505 1854 fideles
520 1806 661 1873 praecepto
675 1797 812 1873 paschali,
833 1796 888 1853 uisi
902 1796 932 1853 iu
952 1815 1004 1854 sua
1024 1795 1158 1872 paroecia,
1173 1796 1254 1853 satis·

164 1895 275 1953 iacere:
297 1894 349 1953 sed
368 1895 422 1953 hac
444 1896 474 1954 in
494 1897 611 1973 regione
625 1897 755 1972 paroeciae
776 1895 912 1953 hactenus
934 1904 1034 1952 erectae
1053 1912 1111 1952 non
1133 1904 1210 1962 sunt,
1225 1904 1254 1952 et

161 1996 227 2071 jura
252 1993 357 2052 idcirco
383 1995 490 2052 incerta
514 2003 640 2052 manent.
691 1994 807 2066 Ubique
826 1993 895 2051 licet
916 1992 1055 2051 sacerdoti
1080 1993 1252 2066 cuicumque

165 2095 290 2168 prebere
316 2093 449 2149 viaticum
470 2091 649 2158 moribundo,
677 2093 703 2148 si
722 2101 818 2168 pastor
839 2093 920 2160 absit,
948 2093 994 2150 vel
1015 2092 1119 2169 injuste
1142 2101 1255 2150 renuat.

166 2189 266 2248 Potest
277 2190 361 2246 etiam
376 2188 517 2258 sacerdos,
533 2190 588 2247 alio
602 2189 762 2258 deficiente,
777 2192 906 2269 seipsum
926 2192 956 2249 in
976 2191 1075 2249 mortis
1089 2189 1255 2249 discrimine

166 2288 269 2345 viatico
282 2287 410 2344 munire:
432 2288 491 2345 imo
511 2297 591 2345 extra
603 2287 673 2346 illud
686 2288 851 2357 discrimen,
872 2290 962 2348 solius
982 2289 1142 2348 devotionis
1157 2308 1255 2358 causa,

165 2394 259 2461 potest
271 2384 481 2444 Eucharistiam
494 2405 606 2445 sumere
619 2387 649 2446 id
663 2389 740 2447 enim
753 2389 852 2448 nullibi
868 2390 984 2447 vetitum
998 2384 1125 2466 legitur.¹

196 2488 246 2542 24.
262 2493 281 2520 “
292 2484 437 2544 Diaconos
448 2497 586 2563 praesente
596 2489 762 2564 presbytero
770 2488 982 2548 Eucharistiam
990 2487 1131 2545 charitatis
1143 2485 1256 2546 Christi

166 2584 284 2663 populo,
300 2586 324 2643 si
338 2587 494 2644 necessitas
508 2595 601 2663 cogat,
611 2588 710 2664 jussus
724 2587 852 2664 eroget.”
894 2587 938 2644 lta
958 2585 1082 2644 decrevit
1100 2585 1257 2645 concilium

167 2682 380 2762 cathaginense
391 2679 461 2743 IV.2
501 2686 605 2744 Gravis
620 2697 713 2744 autem
728 2687 880 2744 necessitas
892 2685 1021 2753 habetur,
1032 2686 1058 2744 si
1070 2685 1166 2743 nullus
1180 2682 1257 2743 adsit

165 2783 300 2844 sacerdos
312 2785 362 2857 qui
382 2784 533 2844 commode
554 2786 644 2857 possit
663 2785 832 2855 ministrare.
875 2785 909 2844 ln
928 2785 1096 2843 necessitate
1116 2791 1255 2851 extrema,

167 2880 274 2953 absque
294 2879 447 2939 sacerdotis
467 2878 610 2947 mandato,
632 2879 768 2938 diaconus
789 2888 883 2956 potest
902 2888 930 2937 et
953 2887 1064 2938 tenetur
1087 2899 1255 2939 succurrere

167 2978 345 3047 moribundo,
367 2980 469 3038 viatico
488 2978 666 3057 prestando:
688 2979 774 3054 idque
794 2987 926 3056 praestare
946 2977 1028 3036 debet
1046 2979 1257 3056 superpelliceo

169 3087 198 3136 et
210 3079 282 3136 stola
296 3088 454 3136 transversa
468 3079 595 3137 indutus.

208 3181 257 3233 25.
279 3174 370 3233 Extra
389 3178 586 3235 necessitatem
607 3185 716 3234 constat
735 3196 794 3236 non
812 3177 898 3236 licere
917 3175 991 3235 laico
1013 3185 1128 3254 tangere
1148 3195 1256 3254 corpus

169 3273 304 3339 Domini;
325 3282 406 3331 vetus
427 3275 504 3332 enim
525 3274 686 3351 disciplina,
706 3277 790 3351 juxta
812 3294 896 3348 quam
916 3276 945 3334 in
966 3293 1068 3334 manus
1088 3277 1256 3335 communio

170 3370 296 3436 dabatur,
317 3370 365 3429 diu
388 3373 520 3448 abrogata
539 3382 598 3429 est:
620 3371 721 3431 sedin
743 3376 841 3432 mortis
862 3374 1025 3433 discrimine
1047 3383 1127 3451 putat
1146 3375 1256 3433 Suarez

170 3468 285 3540 aliique,
307 3477 403 3526 contra
425 3470 507 3538 alios,
527 3470 613 3529 licere
639 3472 742 3530 clerico
763 3472 809 3530 vel
828 3473 911 3541 laico,
933 3473 988 3532 sibi
1005 3491 1119 3532 sumere
1139 3473 1257 3532 Eucha-

169 3567 294 3626 ristiam:
315 3577 411 3625 censet
424 3569 509 3627 etiam
521 3569 625 3629 laicum
639 3588 673 3629 eo
686 3572 716 3629 in
730 3571 893 3630 discrimine
906 3590 990 3648 posse
1004 3573 1067 3630 aliis
1080 3573 1254 3631 ministrare.

170 3665 281 3727 Hubert
293 3665 363 3727 dicit
376 3668 545 3745 episcopum
558 3667 587 3727 id
599 3669 629 3727 in
642 3680 769 3746 tempore
782 3671 872 3747 pestis
885 3689 972 3747 posse
985 3667 1176 3748 permittere.³

472 3885 498 3961 §.
512 3884 552 3945 11.
593 3885 641 3943 Da
655 3904 736 3946 nono
749 3903 959 3946 urursrnsrrnr.

210 4042 259 4096 26.
283 4039 475 4098 “Ministrare
489 4037 701 4098 Eucharistiam
720 4038 783 4097 sine
802 4038 911 4097 lumine
931 4045 960 4095 et
977 4036 1061 4097 solita
1074 4037 1256 4097 confessione

274 4231 317 4296 (1)
336 4231 410 4295 urps.
422 4233 437 4283 r
449 4234 481 4282 vr.
492 4250 519 4283 n.
530 4238 588 4284 ess.
932 4235 975 4300 (ε)
994 4231 1058 4283 cm,
1069 4247 1156 4283 xxm.

474 4317 516 4384 (³)
537 4317 612 4384 apua
623 4319 649 4368 s.
661 4319 688 4367 s.
699 4317 775 4384 arpi,
787 4319 803 4369 1.
814 4318 847 4369 vr.
858 4333 883 4367 n.
895 4319 953 4366 aar.
