2640 4860
245 420 262 451 e
317 393 376 453 DE
397 392 716 453 lMPEDIMENTIs
736 390 1012 452 MATRIMONII.
1151 381 1207 451 ao'l

113 559 228 618 sufficit
244 570 276 619 ut
288 559 323 618 de
346 559 432 620 domo
446 563 476 619 in
489 561 606 618 domurn
620 561 666 628 sit,
681 561 726 618 vel
740 561 838 618 saltem
859 559 889 617 in
910 559 1007 617 locum
1027 567 1208 636 separatum:

113 678 262 720 monuero
284 659 319 718 de
332 679 390 719 uuo
413 661 443 718 iu
463 659 539 718 aliud
559 660 731 718 cubiculum.
775 651 900 734 Raptum
921 659 1040 735 intelligi
1063 660 1211 717 voluerunt

112 759 254 839 plerique
273 760 470 836 jurisconsulti
485 760 599 828 Gallici,
614 758 808 818 seductionem
824 758 956 836 puellaee
976 759 1063 816 domo
1083 768 1210 834 paterna,

118 859 244 939 ejusque
258 857 457 917 abductionem
482 859 577 917 invitis
598 858 769 934 parentibus,
784 859 846 935 ipsa
867 858 933 916 licet
951 866 1009 916 toto
1029 858 1125 915 animo
1145 875 1212 916 con·

121 956 282 1024 sentiente3
297 976 352 1030 qua
366 959 474 1015 ratione
489 958 724 1034 impedimentum
739 958 1039 1016 edesectueonsensus
1050 965 1209 1033 parentum,

120 1056 314 1147 quodfrustra
328 1068 446 1115 conatus
467 1066 509 1113 est
530 1075 581 1114 rex
602 1056 864 1116 christianissimus
886 1075 937 1132 per
955 1057 1063 1132 legatos
1086 1056 1211 1131 patribus

123 1152 304 1215 Tridentinis
321 1154 499 1232 probandum
519 1155 646 1224 suadere,
671 1154 805 1214 inducere
826 1154 1009 1222 studuerunt;
1031 1152 1081 1211 sed
1100 1153 1214 1212 concilii

82 1255 211 1313 verba
223 1254 389 1332 hujusmodi
402 1255 498 1332 sugam
518 1264 703 1331 spontaneam
717 1274 774 1313 non
796 1254 958 1330 respiciunt,
973 1273 1061 1326 quum
1081 1273 1140 1312 non
1153 1252 1214 1309 exi-

123 1363 192 1430 gant
204 1365 236 1411 ut
248 1353 343 1430 puella
356 1355 520 1429 parentibus
532 1354 702 1420 restituatur,
717 1364 867 1426 antequam
879 1355 1052 1411 consentiat:
1075 1369 1214 1428 quaprop·

125 1460 167 1510 ter
180 1452 311 1517 Gmriere
328 1454 439 1529 cogitur
452 1451 531 1510 lateri
545 1453 781 1528 impedimentum
803 1452 832 1510 in
855 1452 958 1510 Galliis
978 1452 1051 1511 ultra
1069 1451 1215 1509 decretum
1244 1466 1247 1471 '

126 1551 240 1662 concilii
261 1561 432 1609 extensum:
438 1548 546 1624 ²quod
566 1570 746 1623 nequaquam
766 1551 828 1610 fieri
849 1552 978 1663 potuisse
1004 1551 1213 1608 existimamus.

127 1760 272 1825 assumpto
285 1750 417 1817 consilio,
432 1751 479 1823 qui
494 1751 550 1807 vim
565 1751 659 1808 intulit
668 1768 730 1808 eam
746 1750 915 1816 ducatuum
929 1749 1082 1807 concilium
1095 1690 1217 1805 libertati

128 1847 278 1907 mulierum
292 1850 321 1906 in
335 1847 460 1907 ineundo
473 1850 654 1907 matrimonio
668 1849 759 1907 voluit
778 1848 937 1925 providere,
953 1846 1075 1906 tollenda
1088 1847 1150 1924 ejus
1164 1863 1216 1921 spe

126 1947 152 2004 ei
165 1945 219 2018 qui
227 1948 343 2004 invitam
358 1948 460 2005 ducere
474 1948 576 2005 vallet:
599 1946 720 2007 sednon
734 1947 799 2005 ideo
817 1947 930 2004 abstulit
942 1947 1080 2005 rationem
1095 1963 1150 2017 qua
1164 1942 1223 2001 sibi'

127 2047 258 2104 coosulat
276 2047 417 2105 mulier
392 2066 449 2105 urm
469 2065 573 2123 passa:
595 2055 766 2123 quapropter
786 2047 818 2102 S.
837 2045 1032 2122 congregatio
1049 2044 1165 2103 concilii
1177 2047 1217 2100 25

128 2143 258 2204 Januarii
275 2149 350 2204 1583
365 2147 513 2204 censuisse
527 2145 656 2204 dicitur‘
660 2153 819 2221 ‘raptorem
833 2145 870 2203 ob
887 2145 970 2203 aliam
980 2120 1117 2254 offam,
1132 2161 1218 2214 quam

106 2230 460 2331 utr'aptaminuxorum
478 2244 604 2312 doceret,
619 2264 676 2303 non
699 2241 1107 2321 comprehendiinCap.v1.
1136 2241 1217 2301 Sese.

78 2348 95 2387 'l
127 2341 210 2411 nir,
232 2342 268 2400 de
282 2343 348 2402 Res
372 2354 454 2402 matr
458 2339 494 2372 ”²
533 2343 619 2410 Quod
633 2354 728 2401 autem
742 2345 781 2401 ait
794 2343 924 2402 camere
938 2362 995 2403 non
1013 2343 1106 2401 ualere
1123 2341 1220 2400 matri·

128 2424 259 2501 monium
282 2441 396 2514 quando
416 2452 495 2519 rapta
517 2442 588 2502 illud
614 2443 667 2500 init
686 2451 717 2500 ut
735 2443 830 2500 minus
856 2443 972 2510 malum,
987 2451 1018 2500 ut
1036 2461 1067 2499 se
1085 2442 1187 2499 liberet
1203 2459 1221 2497 a

126 2535 256 2618 majori,³
268 2550 341 2598 stare
354 2561 411 2600 non
433 2552 537 2619 potest,
552 2561 617 2600 nam
632 2541 785 2599 concilium
805 2541 874 2598 satis
889 2539 987 2597 habuit
998 2549 1029 2597 ut
1048 2559 1100 2598 sua
1119 2539 1219 2596 volun·

127 2648 182 2698 tate
195 2640 284 2699 libere
294 2641 476 2709 consentiret,
488 2641 599 2698 etiamsi
608 2641 762 2699 infortunio
773 2649 801 2696 et
810 2638 979 2698 abductione
990 2656 1024 2695 eo
1034 2637 1217 2696 determinari

127 2738 279 2797 videretur.
302 2739 343 2797 Ut
355 2749 451 2816 raptus
471 2740 509 2797 sit
527 2740 909 2816 impedimentum,'necesse
922 2756 981 2795 non
1001 2746 1045 2794 est
1066 2735 1100 2794 ut‘
1115 2736 1219 2794 mulier

125 2837 229 2896 uiolata
242 2838 345 2896 luerit:
360 2841 384 2897 si
405 2839 481 2897 enim
502 2840 530 2895 vi
553 2838 672 2897 abducta
691 2840 729 2896 sit
751 2857 836 2897 causa
856 2837 1029 2896 matrimonii
1043 2836 1098 2893 hoe
1118 2836 1219 2908 nequit

127 2937 205 3006 iniri,
217 2938 275 2999 nisi
288 2938 351 3013 ipsa
372 2938 494 2996 libertati
514 2939 651 2996 restituta.
693 2938 726 2996 ln
740 2938 804 2996 loco
824 2938 915 2995 libero
937 2945 966 2993 et
987 2943 1046 2993 tuto
1068 2936 1220 2992 constituta

128 3038 231 3114 poterit
243 3022 403 3095 consentire
417 3037 446 3094 iu
460 3038 671 3095 matrimonium
685 3056 692 3093 ι
714 3054 771 3110 qua
784 3037 891 3109 ratione
904 3033 1012 3093 nullum
1033 3035 1154 3110 amplius
1176 3041 1220 3090 est

128 3135 375 3212 impedimentum,
394 3135 444 3193 sed
457 3145 554 3213 raptor
566 3138 687 3214 ejusque
707 3137 831 3193 fautores
844 3134 1140 3193 excommunicatione
1153 3133 1219 3210 ipso

123 3233 189 3311 jure
212 3235 311 3292 irretiti
323 3242 449 3292 manent.
482 3235 554 3293 Aliae
574 3236 658 3293 etiam
678 3245 794 3292 manent
812 3253 863 3292 eos
885 3252 986 3311 pccnae,
996 3233 1104 3311 judicis
1125 3243 1219 3291 tamen

130 3320 475 3394 sententiadecernendae.

167 3435 239 3493 209ι
261 3431 318 3500 Qui
331 3433 536 3509 sponsamsibi
549 3433 700 3510 obligatam
720 3433 749 3489 vi
771 3432 844 3508 rapit
865 3398 995 3500 invilaln,
1015 3430 1220 3509 impedimento

128 3530 216 3598 hoc‚'
208 3540 296 3589 rustar
309 3532 440 3600 aliorum,
455 3514 612 3591 detinetur·
634 3551 700 3591 nam
724 3530 948 3608 sponsaliamon
969 3531 1063 3590 dant'
1051 3550 1100 3608 Jus
1115 3522 1190 3587 ad
1164 3546 1222 3588 mm

124 3628 320 3700 inferendam,
334 3632 455 3709 ipseque
469 3649 535 3689 vere
549 3632 651 3705 dicitur
669 3640 775 3707 raptor,
793 3632 876 3708 juxta
894 3631 1006 3689 obviam
1020 3630 1099 3687 vocis
1113 3627 1221 3702 signifi·

131 3728 285 3789 Manem.
314 3760 324 3781 ι
596 3710 606 3725 ’

168 3831 240 3886 210.
270 3828 377 3889 Mulier
399 3830 429 3889 ri
447 3829 562 3905 rapiens
582 3826 729 3884 hominem
755 3845 792 3884 ex
815 3825 990 3883 matrimonii
1016 3822 1139 3882 consilio
1164 3840 1222 3880 uon

130 3927 251 3987 incurrit
274 3927 521 4005 impedimentum,
549 3945 603 3985 nec
629 3926 705 3983 enim
728 3925 777 4002 jus
802 3942 862 3982 rem
889 3920 959 3981 adeo
985 3941 1076 3982 raram
1096 3921 1221 3998 respicit.

167 4144 195 4208 (l
199 4144 212 4209 )
231 4141 271 4194 De
281 4143 396 4194 Mati
380 4160 406 4194 ιι.
417 4161 442 4194 n.
454 4147 512 4196 913.
715 4145 758 4210 (9)
781 4141 915 4192 VideetS.
926 4139 1112 4205 Alph.l.vi.n.
1125 4139 1198 4186 1107.

106 4222 109 4227 ’
224 4222 269 4297 ἰι-κ
453 4228 601 4347 ῥιι)
576 4226 787 4281 &Mustium
799 4229 856 4277 ιιι.
1256 4220 1267 4243 ⁸

170 4338 251 4401 Vox».
262 4339 402 4400 Ill-su

113 4418 142 4459 .‘'
202 4416 222 4451 .''
249 4406 266 4455 ἰ
458 4458 461 4463 Ι
604 4412 642 4467 ⁸4⁸.
