2640 4860
289 365 347 431 DE
367 364 696 428 JURISDICTIONE
717 366 1008 440 commassatur
1137 377 1191 432 131

98 535 183 593 tricte
197 535 287 595 vetuit
299 534 484 594 Innocentius
497 533 553 593 ΧΙ.
568 550 644 592 auno
660 538 756 594 1679:
779 536 909 608 quamvis
922 537 1053 614 plerique
1067 537 1193 618 theologi

101 635 173 693 clim
187 643 339 693 censerent
350 633 511 692 sacerdotes
524 633 618 692 valere
631 634 753 693 venialia
764 635 916 702 remittere,
937 637 1045 710 absque
1058 640 1195 715 approba·

101 735 180 792 tione
193 732 624 793 adaudieudasconsessiones:
646 732 723 806 quod
743 744 838 792 tamen
853 735 915 811 jam
935 754 994 794 nou
1006 736 1117 797 videtur
1130 757 1195 815 pro·

101 828 221 891 babile.¹

145 936 213 991 131.
236 932 285 990 Ex
299 950 386 1008 supra
398 931 519 991 laudatis
540 931 656 990 concilii
675 930 840 989 Tridentini
859 933 952 990 verbis
974 944 1085 993 constat
1097 935 1193 1014 Regu-

101 1031 176 1090 lares
191 1031 290 1090 audire
303 1049 362 1089 non
375 1048 461 1108 posse
474 1030 671 1089 confessiones
692 1031 882 1098 saecularium,
904 1033 989 1090 etiam
1003 1033 1191 1104 sacerdotum,

102 1131 160 1188 nisi
174 1133 210 1189 ab
225 1132 364 1208 episcopo
378 1130 613 1207 approbationem
627 1131 798 1206 acceperint,
819 1139 867 1188 aut
879 1131 1049 1191 beneficium
1063 1135 1194 1209 parochi·

104 1230 158 1288 ale.
201 1230 237 1289 Id
256 1226 364 1305 'ubique
384 1238 520 1288 terrarum
540 1228 694 1288 dicendum
717 1238 770 1298 est,
792 1231 877 1288 etiam
898 1232 928 1289 in
947 1231 1019 1291 locis
1040 1233 1068 1289 in
1089 1234 1193 1306 quibus

104 1328 240 1406 pleraque
260 1329 374 1388 concilii
400 1329 513 1387 decreta
531 1337 646 1405 recepta
666 1347 723 1387 non
750 1337 831 1398 sunt;
853 1348 919 1388 uam
939 1330 1103 1390 Alexander
1123 1332 1192 1391 Vll.

103 1447 179 1487 anno
209 1433 297 1498 1659,
318 1428 462 1486 damnavit
480 1438 639 1486 asserentes
666 1427 823 1504 Regulares
843 1429 872 1486 in
900 1429 1004 1488 Galliis
1024 1450 1080 1490 uon
1104 1434 1194 1490 teneri

103 1528 233 1605 episcopi
247 1529 482 1606 approbationem
495 1521 619 1605 petere.2
659 1528 692 1585 Si
706 1527 843 1603 denegata
856 1528 941 1587 fuerit
953 1531 987 1588 ab
1001 1531 1131 1608 episcopi
1144 1551 1193 1609 ap·

104 1628 242 1703 probatio,
256 1630 341 1687 etiam
354 1628 471 1706 injuste,
492 1646 550 1686 non
564 1627 641 1685 valet
654 1626 790 1704 regularis
804 1628 1000 1688 confessiones
1015 1630 1192 1689 secularium

105 1727 250 1804 accipere:
284 1727 417 1786 damnata
441 1727 548 1803 quippe
573 1736 618 1784 est
642 1726 818 1803 propositio:
851 1728 1026 1787 “satisfacit
1050 1739 1193 1807 praecepto

104 1826 295 1885 confessionis
309 1845 420 1894 annue,
435 1826 485 1898 qui
497 1826 646 1884 confitetur
659 1827 780 1902 regulari
794 1827 932 1903 episcopo
945 1838 1125 1902 presentato,
1140 1830 1193 1888 sed

106 1926 140 1983 ab
154 1945 188 1984 eo
203 1927 307 2003 inJ'uste
327 1919 526 2002 reprobato.'’³
566 1925 707 1983 Damnata
732 1936 776 1983 est
795 1927 879 1984 etiam
906 1925 992 1985 altera
1016 1930 1191 2004 propositio:

106 2024 191 2091 “Qui
206 2025 376 2085 beneficium
390 2034 517 2083 curatum
530 2024 646 2092 habent,
668 2033 788 2101 possunt
800 2026 853 2083 sibi
867 2026 972 2103 eligere
986 2027 1192 2087 confessarium
1244 2071 1253 2082 .

104 2124 266 2201 simplicem
280 2124 458 2183 sacerdotem
471 2143 529 2182 non
543 2125 728 2201 approbatum
742 2125 777 2182 ab
791 2119 983 2184 ordinario.'’⁴

144 2229 213 2283 132.
248 2224 404 2302 Regulares
436 2233 559 2300 possunt
584 2223 680 2281 audire
707 2224 918 2283 confesssiones
944 2244 1060 2285 suorum
1083 2226 1193 2299 absque

104 2324 235 2400 episcopi
247 2325 373 2390 licentia,
388 2341 425 2381 ex
438 2323 595 2400 superioris
608 2323 709 2380 venia:
732 2324 784 2382 sed
807 2324 916 2383 ordinis
939 2326 1078 2402 cujusque
1091 2336 1194 2385 statuta

104 2423 244 2481 servanda
256 2431 331 2491 sunt,
346 2441 409 2496 quos
429 2423 599 2498 plerumque
619 2430 714 2480 vetant
733 2442 769 2481 ne
789 2423 902 2483 alterius
923 2423 1029 2482 ordinis
1049 2427 1192 2503 religiosis

104 2522 168 2595 quis
189 2523 367 2580 confiteatur.
409 2521 444 2580 ln
464 2522 611 2580 itineribus
631 2531 735 2588 autem,
752 2522 989 2595 quandocumque
1009 2542 1068 2582 non
1088 2523 1193 2582 habent

103 2622 148 2680 sui
167 2622 277 2680 ordinis
296 2623 419 2688 socium,
433 2620 590 2693 etquidem
611 2619 757 2687 idoneum,
771 2621 804 2677 fit
822 2623 865 2678 eis
886 2621 1054 2698 plerumque
1075 2622 1192 2680 facultas

103 2721 258 2779 confitendi
271 2721 386 2780 cuilibet
405 2719 545 2778 sacerdoti
558 2721 723 2796 approbato,
739 2719 798 2776 imo
813 2720 897 2797 juxta
911 2719 1062 2795 plerosque
1077 2720 1193 2778 cuilibet

103 2822 188 2878 etiam
209 2839 267 2879 nou
287 2821 454 2897 approbato,
475 2820 646 2895 specialibus
664 2811 845 2894 privilegiis.⁵
886 2818 1072 2877 Saecularium
1093 2821 1192 2891 quiin

103 2920 284 2978 monasteriis
296 2929 364 2979 sunt
376 2918 411 2976 de
421 2918 537 2987 familia,
552 2926 580 2976 et
589 2918 716 2976 continui
730 2919 949 2984 commensales,
963 2936 1022 2975 non
1035 2926 1128 2977 autem
1143 2919 1193 2991 qui

102 3031 209 3078 tautum
225 3019 381 3096 Religiosis
395 3018 532 3084 serviunt,
545 3017 650 3090 absque
661 3018 791 3093 episcopi
803 3015 918 3074 licentia
932 3015 967 3073 ad
980 3016 1192 3076 confessionem

102 3110 228 3195 excipi.⁶
711 3172 712 3177 ,

143 3223 212 3276 133.
233 3218 415 3294 Approbatus
441 3217 471 3275 in
493 3235 550 3274 una
575 3215 691 3274 dioecesi
717 3234 775 3274 non
801 3224 895 3292 potest
920 3215 950 3273 in
976 3216 1033 3274 alia
1056 3217 1191 3294 excipere

102 3318 310 3386 confessiones,
322 3319 429 3390 absque
443 3317 573 3392 episcopi
586 3315 741 3373 dioecesani
751 3334 825 3374 nova
838 3308 1067 3392 approbatione.⁷

143 3423 211 3476 134.
234 3416 292 3483 Qui
317 3416 487 3475 beneficium
511 3425 682 3490 acceperunt
706 3416 880 3492 parochiale,
901 3434 937 3473 eo
956 3417 1023 3492 ipso
1045 3415 1192 3494 approbati

103 3526 263 3575 censentur.
318 3515 459 3574 Sacerdos
491 3516 538 3572 cui
570 3515 755 3572 committitur
779 3516 902 3592 paroecia
935 3517 1106 3592 approbatus
1127 3535 1193 3574 cen-

104 3627 177 3675 setur
211 3616 277 3674 “ad
298 3613 452 3673 audiendas
480 3614 687 3682 confessiones
710 3613 847 3672 duntaxat
874 3616 905 3672 in
935 3634 970 3672 ea
996 3616 1120 3682 civitate,
1148 3612 1193 3671 vel

105 3716 219 3792 oppido,
234 3716 281 3774 ubi
301 3715 354 3772 sita
367 3716 405 3772 sit
423 3713 607 3790 parochialis,
621 3732 680 3772 non
702 3725 795 3772 autem
816 3714 923 3791 passim
943 3732 995 3788 per
1016 3723 1103 3770 totam
1123 3711 1192 3768 dioe·

105 3814 223 3873 cesim.”
267 3805 935 3889 [1133001113ιεερο11111111111113
986 3809 1130 3868 Caeterum
1153 3827 1191 3866 ex

138 3983 180 4048 (t)
200 3981 227 4031 S.
239 3981 315 4047 Alph.
327 3983 343 4033 l.
354 3983 386 4031 vi.
398 3998 422 4031 n.
435 3983 492 4030 543.
588 3983 629 4048 (2,)
650 3980 713 4029 Vide
725 3986 749 4028 ct
761 3977 865 4028 Constit.
878 3975 1013 4026 Clementis
1022 3975 1056 4024 X.
1069 3975 1193 4042 Superba.

139 4070 180 4134 (3)
201 4069 274 4132 Prop.
285 4066 337 4116 xiii.
348 4066 463 4117 damnata
471 4067 501 4116 ub
513 4066 653 4116 Alexandro
668 4064 721 4113 VII.
1100 4053 1105 4062 ’

141 4154 182 4219 (4)
200 4152 302 4212 Ibidem,
312 4167 380 4218 prop.
391 4152 448 4202 xvi..
584 4151 626 4216 (6)
646 4150 673 4197 S.
684 4148 759 4212 Alph.
771 4145 787 4195 l.
798 4146 830 4195 vi.
839 4161 864 4194 n.
876 4147 935 4194 575.

140 4239 180 4304 (5)
199 4238 263 4288 Vide
275 4238 379 4288 constit
398 4237 522 4304 Superata.
581 4239 624 4302 (7)
643 4235 670 4283 S.
684 4233 758 4298 Alph.
767 4232 784 4282 l.
796 4230 828 4280 vi.
839 4247 865 4283 n.
877 4232 935 4280 552.

582 4322 625 4387 (8)
644 4317 744 4378 Ibidem,
755 4331 781 4387 u.
793 4315 851 4364 544.
912 4368 918 4389 ¹
