2640 4860
187 374 246 433 ιω
383 363 440 425 DE
459 360 573 423 Loco
593 356 750 435 tit-otto
771 358 1072 425 CELEBRETUR.

182 546 275 603 satur,
289 530 336 591 vel
357 531 452 590 omnis
473 549 572 590 eorum
593 538 696 598 crusta,
720 536 770 588 aut
790 530 882 608 major
904 549 971 607 pars
993 531 1083 590 simul
1103 529 1280 592 auferaturz¹

183 651 268 694 secus
284 633 310 691 si
324 629 470 707 paullatim
489 628 660 687 reficiantur.
703 629 736 687 Si
756 636 862 687 tectum
883 639 1005 698 corruat,
1028 648 1090 690 non
1108 628 1179 693 idio
1200 650 1280 690 exse·

184 743 261 793 crata
272 738 405 789 censetur
415 729 556 789 ecclesia:
579 746 646 786 nam
660 729 781 804 parietes
802 728 953 805 precipua
964 738 1032 787 sunt
1043 728 1161 788 aedificii
1174 742 1279 807 partes.

185 832 218 889 Si
231 839 289 890 tota
307 826 430 889 eoeluh
447 846 525 889 sose
542 827 601 895 det,
623 827 749 903 partibus
769 844 821 902 per
834 836 994 923 tenmm
1014 828 1162 886 intervalla
1177 841 1281 887 restau-

184 931 263 996 ratis,
276 946 336 987 non
348 925 453 987 amicit
462 927 724 993 mundonem:
746 934 767 961 “
776 927 845 997 quia
858 942 1045 998 quocumque
1059 945 1126 1003 pars
1138 928 1280 986 accedens

185 1038 283 1089 manet
295 1036 475 1097 consecrata,
491 1042 561 1087 oum
578 1025 672 1104 nagia
691 1024 811 1102 dignum
827 1025 919 1082 trahat
938 1023 974 1082 ad
994 1043 1026 1083 se
1039 1025 1136 1084 minus
1151 1025 1280 1103 dignum.

185 1127 276 1202 quue
289 1125 419 1204 procedit
431 1124 544 1185 etiamsi
555 1120 754 1191 &mimus
765 1132 852 1182 totam
861 1122 1011 1183 ecclesiam
1026 1122 1205 1192 destruendi,
1221 1168 1228 1183 .
1246 1167 1253 1182 .
1270 1167 1277 1181 .

186 1227 252 1301 quia
265 1226 385 1286 intentio
396 1225 445 1287 illa
458 1240 518 1283 noc
528 1220 624 1283 officit
632 1222 705 1297 qaia
717 1221 894 1283 consecratio
907 1215 1093 1299 perduret.”²

235 1330 285 1384 94.
307 1323 439 1384 Ecclesia
461 1320 552 1400 pollui
568 1340 627 1382 non
645 1333 780 1383 censetur
805 1341 856 1400 per
881 1320 1100 1391 desolationem,
1120 1326 1278 1383 exercitum

185 1426 360 1491 haereticum,
383 1423 545 1499 spurcitiam
569 1423 728 1488 hominum,
741 1422 789 1480 vel
802 1421 967 1480 animalium
982 1422 1047 1479 istic
1060 1420 1277 1495 stahplmm,

183 1534 241 1585 otc·
251 1525 307 1585 etsi
321 1522 419 1581 deceat
431 1530 460 1579 et
472 1522 568 1600 praxis
582 1522 693 1589 habeat,
707 1531 740 1580 ut
751 1539 803 1599 par
815 1520 995 1597 episcopum,
1009 1520 1056 1579 vel
1068 1519 1172 1581 saltem
1185 1539 1276 1581 sacer-

152 1664 156 1671 ·
179 1616 282 1689 mm
304 1640 369 1681 cum
393 1621 490 1694 aliqua
514 1620 686 1680 caeremonia
706 1620 906 1680 reconcilietur
929 1628 959 1677 et
972 1618 1120 1679 abluatur:
1148 1619 1228 1693 quod
1248 1622 1275 1678 in

182 1722 272 1783 simtu
284 1740 351 1780 casu
367 1720 493 1799 intellige
503 1720 539 1779 de
553 1712 681 1778 altari.’'³

224 1824 274 1879 95.
297 1820 394 1889 Quum
416 1839 462 1880 res
485 1820 574 1878 semel
594 1819 659 1878 Deo
678 1818 771 1878 dicata
792 1837 851 1879 non
871 1817 972 1877 debeat
991 1817 1028 1877 ad
1048 1821 1275 1899 asuepgolapos

185 1918 322 1988 adhiberi,
342 1932 424 1979 vetus
447 1920 577 1986 ecclesia,
601 1920 757 1996 praesertim
777 1937 841 1991 quae
861 1918 1026 1977 solemniter
1044 1916 1272 1989 comeduut,

185 2038 244 2079 non
265 2019 348 2079 debet
367 2019 401 2077 ad
421 2021 508 2079 alium
531 2036 614 2075 usum
635 2018 778 2076 converti:
800 2017 864 2095 ipsa
883 2018 967 2075 etiam
980 2017 1069 2095 ligna,
1084 2016 1110 2077 si
1123 2016 1274 2084 disciscit,

184 2137 244 2177 non
264 2127 330 2177 sunt
355 2117 513 2184 vendenda,
534 2116 581 2173 vel
602 2116 638 2174 ad
660 2117 811 2192 profanum
832 2135 916 2175 usum
942 2115 1136 2187 adhibenda„
1156 2117 1276 2199 “Ligna

184 2217 314 2274 ecclesiae
328 2215 464 2273 dedicatae
485 2232 542 2273 non
557 2214 661 2273 debent
683 2214 719 2272 ad
741 2215 817 2273 aliud
839 2233 915 2293 opus
931 2214 1035 2295 jum:
1052 2210 1172 2277 eistad
1194 2216 1275 2274 aliam

185 2315 346 2380 ecclesiam,
368 2313 412 2371 vel
433 2315 492 2390 igni
516 2323 582 2371 sunt
600 2313 802 2382 comburenda,
825 2315 871 2374 vel
891 2312 935 2372 ad
947 2298 1152 2393 ptdlacmh
1166 2296 1277 2375 monas·

183 2406 304 2472 terio.”⁴
324 2412 369 2471 De
382 2412 523 2490 lapidibus
533 2413 662 2472 ecclesia·
676 2411 774 2471 dirutae
785 2413 861 2473 idem
872 2422 1003 2475 asserunt
1012 2412 1158 2475 nonnulli.
1178 2413 1274 2482 Quum

184 2512 312 2572 ccclesiae
326 2511 468 2592 pleraeque
483 2511 558 2590 apud
572 2531 624 2571 nos
638 2513 696 2572 sint
708 2521 814 2570 tantum
828 2512 995 2581 benedictae,
1008 2531 1068 2572 non
1080 2510 1194 2571 videtur
1202 2515 1274 2591 juris

185 2613 334 2690 dispositio
356 2632 404 2670 eas
424 2614 582 2690 respicere:
605 2621 726 2671 attamen
746 2630 805 2670 non
826 2612 961 2670 convenit
980 2630 1030 2670 eas
1050 2611 1147 2680 vendi,
1172 2613 1219 2671 vel
1240 2597 1276 2670 ad

185 2731 267 2773 usum
282 2713 405 2773 alienum
420 2713 562 2772 converti:
585 2711 661 2784 quod
675 2713 700 2769 si
713 2713 744 2770 in
764 2711 893 2770 scholam
914 2711 1082 2770 catholicam
1096 2703 1274 2770 convertatur

185 2823 265 2870 vetus
279 2814 409 2880 ecclesia,
424 2821 516 2870 erecta
526 2812 669 2889 ampliori,
684 2829 741 2869 non
756 2808 893 2869 audemus
905 2809 937 2868 id
950 2810 1094 2868 damnare.

356 3017 398 3082 (l)
418 3013 481 3064 Can.
494 3030 536 3064 xx.
548 3013 577 3064 de
586 3029 690 3065 consecr.
702 3013 756 3062 dist
768 3012 822 3077 Gap
835 3011 941 3080 Ligacis
951 3012 982 3062 de
992 3027 1098 3062 consecr.

355 3101 397 3165 (2)
417 3098 444 3146 S.
456 3099 532 3162 Alph.
543 3099 559 3148 1.
571 3098 604 3149 vi.
614 3115 639 3148 n.
652 3102 710 3149 368.
913 3099 955 3165 (3)
974 3097 1074 3147 Ibidem.

355 3184 396 3249 (4)
416 3183 479 3249 Gap.
491 3181 578 3244 Ligna,
590 3181 619 3233 de
630 3199 734 3235 consecr.
745 3182 799 3232 dist.
811 3183 828 3231 i.

410 3296 479 3427 tlt
