2640 4860
301 379 359 438 DE
381 377 556 439 CASUUM
577 378 919 440 RESERVATIONE.
1092 385 1148 440 201

57 545 210 622 speciatim
223 544 253 604 id
274 546 465 606 declaraverit.
508 546 630 604 Peccata
649 545 685 604 de
706 547 809 619 quibus
830 546 971 605 dubitatur
990 558 1082 605 utrum
1103 546 1151 604 ad·

58 645 152 703 missa
164 646 233 713 sint,
247 663 306 704 non
325 646 464 704 habentur
483 654 633 712 reservata,
658 647 727 717 quia
748 647 879 723 restringi
903 647 988 704 debet
1010 646 1045 704 ad
1067 664 1151 704 casus

57 751 165 811 certos,
176 745 289 829 compsit
297 745 397 803 odiosa
409 744 579 801 reservatio:
594 744 671 802 idern
686 744 789 802 dicitur
801 746 968 820 aplerisque
980 745 1015 803 de
1026 746 1150 822 peccatis

58 839 139 899 certb
153 841 296 911 admissis,
311 843 363 901 sed
376 860 439 915 quae
452 861 510 901 non
523 852 633 899 constat
645 862 708 900 csse
721 852 872 900 reservata.
895 843 1038 902 Oaeterurn
1053 842 1150 901 Clem-

57 958 115 998 ens
129 939 213 998 VIII.
225 941 372 1017 prohibuit
384 959 420 998 ne
434 941 626 1000 confessarius
641 942 758 1014 quilibet
770 942 937 1010 absolveret,
962 951 981 976 ‘⁴
993 943 1028 999 ab
1040 943 1099 1001 ullo
1113 960 1151 1000 ex

57 1038 260 1097 casibusclare
274 1041 320 1098 vel
333 1040 416 1099 dubie
427 1042 456 1098 iu
466 1040 544 1098 bulla
554 1041 583 1097 in
592 1059 674 1098 coena
683 1040 801 1098 Domini
811 1040 867 1118 legi
878 1042 960 1098 solita
970 1043 1108 1100 contentis
1118 1040 1149 1097 :'’

58 1139 113 1208 qui
127 1146 218 1196 tamen
233 1140 309 1215 rIgor
327 1149 426 1216 postea
448 1140 592 1215 mitigatus
615 1149 677 1196 est:
699 1150 727 1196 et
746 1141 894 1216 percussio
915 1141 1021 1207 clerici,
1037 1139 1151 1212 quaudo

58 1235 206 1294 dubitatur
218 1256 253 1295 arr
268 1239 305 1296 sit
317 1239 421 1315 gravis,
436 1238 523 1314 Papae
537 1248 696 1295 reservatur
708 1240 826 1315 speciali
835 1240 908 1317 juris
922 1233 1093 1297 sanctione.¹

104 1338 171 1393 159.
193 1336 349 1395 Absolvere
362 1346 457 1414 potest
469 1357 485 1394 a
497 1338 646 1395 reservatis
661 1339 710 1410 qui
731 1358 764 1395 ea
784 1339 946 1406 reservavit,
962 1340 1007 1396 vel
1022 1339 1072 1411 qui
1086 1338 1149 1414 ejus

56 1435 157 1492 locum
172 1444 257 1502 tenet,
274 1437 319 1494 vel
333 1439 382 1509 qui
396 1437 500 1513 potiori
519 1437 625 1512 gaudet
645 1440 819 1495 auctoritate.
863 1437 912 1495 Sic
925 1439 1090 1514 episcopus,
1105 1435 1151 1494 vel

57 1533 184 1592 vicarius
198 1534 338 1611 generalis
353 1536 474 1594 absolvit
494 1555 510 1592 a
522 1537 646 1611 peccatis
661 1535 696 1592 ab
710 1537 852 1594 ordiuario
865 1537 1030 1594 reservatis:
1053 1536 1151 1593 Ponti·

57 1631 112 1689 fex
134 1651 284 1709 supremus
305 1643 400 1710 potest
419 1654 436 1691 a
457 1635 581 1709 peccatis
602 1653 665 1707 quae
691 1638 844 1711 episcopus
862 1637 1046 1693 reservaverit
1059 1635 1151 1693 absol·

57 1749 147 1788 vere:
168 1731 244 1804 quod
257 1740 351 1791 tamen
364 1752 421 1792 uou
435 1733 511 1800 lacit,
532 1735 589 1791 nisi
612 1736 809 1810 gravissimam
834 1735 870 1792 ob
891 1754 1016 1792 causam.
1059 1734 1149 1793 Alteri

58 1838 157 1888 autem
171 1850 228 1890 uon
243 1842 375 1891 censetur
387 1832 544 1891 concedere
558 1833 717 1891 facultatem
733 1833 897 1891 absolvendi
912 1854 927 1890 a
941 1834 1063 1910 peccatis
1077 1834 1151 1909 epis·
1253 1845 1257 1852 '

59 1919 138 2005 copo
158 1933 319 2000 reservatio,
343 1932 411 1989 licet
432 1932 531 1988 fecerit
550 1941 716 2008 potestatem
736 1931 901 1990 absolvendi
922 1934 1074 2008 apeccatis
1096 1932 1152 2008 ipsi

59 2028 198 2087 Pontifici
223 2032 390 2088 reservatis:
425 2041 599 2108 quapropter
629 2031 796 2089 dioecesanae
816 2033 1023 2089 reservatioues
1057 2031 1151 2102 quoad

57 2127 210 2185 saeculares
224 2130 259 2186 ab
272 2131 416 2197 omnibus,
431 2132 516 2188 etiarn
531 2150 547 2186 a
561 2130 747 2206 regularIbus‚
762 2131 908 2189 servandae
922 2127 1013 2188 sunt.l
1033 2131 1151 2188 Archie·

56 2227 197 2303 piscopos
223 2227 264 2285 nil
290 2237 388 2304 potest
412 2229 444 2286 iu
469 2240 587 2306 peccata
607 2247 670 2301 quae
691 2231 845 2306 episcopus
869 2231 1065 2307 suffraganeus
1096 2248 1150 2288 suo

57 2325 216 2382 servaverit
231 2327 355 2402 judicio.

50 2455 53 2459 ·
104 2428 171 2482 166.
193 2423 348 2486 Concessit
362 2426 514 2484 concilium
528 2425 730 2485 Tridentiunm
750 2428 912 2486 facultatem
926 2429 1069 2504 episcopis
1091 2429 1152 2489 “in

59 2522 289 2596 quibuscumque
313 2525 426 2582 casibus
448 2526 577 2592 occultis,
599 2526 683 2581 etiaur
705 2525 774 2582 Sedi
797 2525 970 2600 Apostolicae
991 2527 1150 2592 reservatis,

59 2620 261 2693 delinquentes
288 2640 484 2695 quoscumque
504 2623 559 2680 sibi
572 2620 710 2689 subditos
725 2623 754 2679 iu
768 2622 884 2680 dioecesi
897 2640 948 2678 sua
962 2641 1014 2698 per
1026 2624 1150 2697 seipsos,

58 2729 108 2776 aut
133 2720 281 2779 Vicarium
308 2721 343 2780 ad
368 2722 398 2778 id
410 2721 571 2798 specialiter
597 2719 800 2795 deputandum,
828 2722 857 2777 iu
883 2720 944 2777 soro
970 2720 1150 2777 conscientiae

59 2821 149 2896 gratis
174 2820 333 2888 absolvere,
361 2821 498 2896 imposita
517 2819 682 2896 poenitentia
702 2813 867 2876 salutari.”²
906 2816 1152 2890 Quandocumque

58 2928 208 2991 nequeunt
227 2919 331 2977 subditi
354 2919 431 2977 adire
445 2920 565 2995 Papam,
585 2918 712 2994 legitimo
727 2918 930 2993 impedimento
944 2917 1062 2985 detenti,
1077 2918 1152 2993 epis-

60 3019 128 3094 copi
141 3037 180 3076 ex
190 3019 264 3095 juris
279 3009 425 3076 sanctione
440 3018 590 3076 absolvunt
603 3037 619 3074 a
632 3010 811 3087 reservatifi’
850 3044 854 3049 ·

102 3122 171 3175 161.
193 3116 252 3183 Qui
272 3118 416 3176 absolutus
442 3122 487 3175 est
512 3137 528 3174 a
550 3118 699 3173 reservatis
719 3116 749 3173 in
774 3115 873 3175 mortis
894 3115 1066 3181 discrimine,
1092 3133 1151 3173 11011

59 3226 171 3275 tenetur
184 3217 298 3285 deinde,
320 3218 345 3275 si
358 3217 542 3285 convaluerit,
564 3215 641 3273 adire
661 3217 854 3292 superiorem3
875 3215 942 3286 quia
956 3215 1048 3272 omnis
1062 3232 1151 3272 reser-

60 3317 134 3374 vatio
150 3325 219 3374 tunc
233 3327 342 3384 cessat3
358 3335 442 3374 secus
455 3317 481 3374 si
494 3336 510 3372 a
523 3316 650 3374 censuris
665 3315 749 3372 suerit
761 3315 917 3382 absolutus
931 3314 975 3372 hae
989 3315 1065 3372 enim
1081 3334 1151 3373 uou-

59 3415 114 3472 nisi
129 3435 164 3472 ea
177 3417 240 3491 lege
255 3416 400 3482 tolluntur,
421 3425 453 3472 ut
474 3415 620 3473 absolutus
640 3416 721 3472 sistat
745 3433 776 3470 se
797 3415 936 3490 superiori
959 3415 994 3472 ad
1020 3414 1152 3472 mandata

60 3515 121 3591 ejus
136 3513 330 3591 suscipienda,
345 3515 370 3570 si
384 3514 569 3581 convaluerit,
579 3514 656 3585 qnod
670 3515 695 3570 si
708 3513 845 3581 omiserit,
861 3514 890 3570 in
903 3533 950 3570 eas
964 3515 1065 3572 iterum
1080 3516 1149 3572 inci·

61 3612 123 3670 det:
146 3623 321 3691 quapropter
340 3613 466 3680 inferior,
488 3622 626 3689 praesente
647 3615 793 3689 superiore
815 3614 865 3685 qui
889 3614 980 3689 possit
993 3614 1026 3670 ab
1041 3615 1082 3670 eis
1096 3612 1151 3670 sol·

62 3730 136 3780 vere,
151 3714 253 3785 nequit
265 3714 350 3771 etiam
370 3712 400 3771 irr
414 3712 513 3770 mortis
534 3712 651 3771 articulo
671 3713 880 3770 absolutionem
894 3731 910 3768 a
923 3711 1050 3768 censuris
1064 3709 1148 3766 dare:

63 3813 128 3883 quia
141 3822 186 3870 est
201 3813 286 3889 copia
299 3811 421 3870 adeundi
434 3803 617 3887 superioris.⁵

99 3986 140 4050 (l)
160 3985 261 4034 Extrav.
274 3987 395 4036 Perlectis.

97 4071 140 4136 (2)
160 4069 225 4119 Vide
237 4068 347 4118 Clemen.
358 4069 391 4117 X.
404 4069 489 4119 const.
505 4070 626 4136 sapema.
637 4074 662 4117 et
677 4082 745 4131 prop.
755 4064 789 4113 iii.
801 4063 863 4112 inter
882 4063 1008 4111 damnatas
1027 4063 1057 4111 ab
1073 4063 1146 4113 Alex.

70 4153 118 4203 Vll.
129 4157 162 4204 30
174 4155 230 4203 Jan.
245 4156 318 4204 1659.
330 4160 354 4203 01
364 4171 431 4220 prop.
443 4156 485 4204 xii.
497 4157 559 4205 inter
570 4156 696 4205 damnatas
707 4153 737 4201 ab
747 4149 832 4199 eodem
844 4149 877 4196 at
889 4147 955 4210 Sept
966 4149 1039 4195 1665.

101 4239 141 4304 (3)
160 4237 226 4287 Sess.
237 4238 304 4287 xxiv.
315 4255 367 4302 cap.
378 4239 410 4290 vi.
419 4240 449 4289 de
459 4239 564 4289 Reform.
700 4237 743 4302 (4)
762 4233 824 4299 Cap.
832 4232 864 4282 vi.
876 4233 906 4284 de
917 4237 977 4282 sent.
988 4247 1082 4286 excom.

102 4323 142 4389 (5)
160 4322 187 4373 s,
198 4321 274 4388 Alpa
285 4322 301 4372 1
313 4323 345 4372 vr
356 4339 381 4372 n.
393 4325 450 4373 soa.
