2640 4860
400 394 458 455 DE
478 394 800 456 INDULGENTIIS.
1086 403 1145 458 243

57 561 215 621 Concessa
228 563 303 622 vivis
321 571 467 635 nequeunt
478 561 619 623 defunctis
640 562 788 640 applicari,
802 562 860 625 uisi
873 564 903 622 in
918 562 1028 622 indulto
1050 566 1145 642 expri·
1210 535 1216 547 „

57 672 167 721 matur:
188 680 252 733 quae
272 671 365 720 antem
384 662 521 739 applicari
545 671 675 739 possunt,
701 664 822 740 exigunt
846 671 1003 722 accuratam
1024 682 1146 741 operum

57 761 263 837 impletionem,
287 779 350 834 qua
369 761 400 819 in
424 769 497 819 statu
522 761 618 838 gratim
638 760 737 820 saltem
763 762 935 839 perficiatur,
956 761 1041 821 debet
1067 764 1145 822 enlm

56 861 136 936 prius
157 862 212 920 sibi
238 879 403 937 comparare
422 861 629 938 indulgentiam
649 861 698 934 qui
723 878 787 919 eam
807 861 867 918 vult
889 861 967 918 alteri
991 860 1145 939 applicare.

57 960 150 1018 Porro
164 959 282 1018 effectus
304 978 362 1018 non
375 969 420 1018 est
431 969 523 1018 certus
544 959 639 1033 quoad
658 958 824 1028 defunctos3
842 959 893 1018 sed
906 959 1013 1036 pendet
1032 980 1069 1020 ex
1089 962 1146 1021 Dei

57 1059 247 1135 beneplacito,
263 1077 352 1132 quum
365 1058 439 1117 desit
451 1052 630 1136 promissio.¹

96 1162 168 1217 253.
190 1159 287 1217 Nemo
307 1159 462 1235 plenariam
485 1176 602 1234 prorsus
616 1157 821 1236 indulgentiam
842 1159 1035 1230 consequitur,
1050 1160 1099 1231 qui
1112 1160 1147 1218 ab

57 1259 139 1316 omni
151 1276 218 1333 erga
231 1265 378 1333 peccatum
399 1257 510 1316 veniale
530 1257 632 1314 affectu
646 1257 718 1315 liber
736 1277 794 1316 non
816 1258 863 1324 sit,
879 1254 967 1330 quum
987 1277 1073 1334 poena
1088 1277 1148 1318 non

57 1358 214 1415 remittatur
240 1357 324 1432 culpa
345 1370 494 1415 manente:
522 1356 574 1415 sed
593 1365 688 1432 potest
707 1366 872 1416 caeterorum
893 1357 1005 1415 veniam
1033 1359 1148 1435 plenam
1232 1354 1239 1361 ”

57 1456 206 1530 consequi,
221 1456 270 1528 qui
296 1455 416 1533 alicujus
439 1465 546 1515 tantum
573 1465 683 1514 tenetur
709 1456 822 1524 affectu,
843 1456 966 1529 ideoque
985 1475 1038 1535 pro
1061 1457 1148 1514 animi

57 1555 245 1632 dispositione
260 1555 436 1632 perfectiore,
450 1555 569 1614 effectus
590 1556 682 1633 major
695 1565 755 1613 est:
772 1574 839 1614 nam
859 1555 996 1615 Pontifex
1016 1567 1149 1614 censetur

59 1653 216 1712 concedere
231 1654 386 1731 plenariam
400 1656 598 1714 remissionem
618 1654 825 1730 impetrandam
846 1674 898 1732 pro
917 1655 1070 1731 capacitate
1083 1656 1149 1713 sub·

55 1755 138 1831 jecti,
153 1763 184 1810 ut
196 1754 351 1812 remittatur
363 1772 447 1829 poena
461 1764 640 1830 peccatorum
659 1754 812 1812 venialium
832 1755 1027 1813 remissorum.
1070 1753 1149 1813 Con·

58 1853 149 1911 fessio
162 1853 197 1911 ad
211 1852 393 1930 indulgentiae
404 1853 634 1911 consecutionem
645 1854 804 1910 necessaria
813 1861 865 1921 est,
873 1853 1012 1925 licetquis
1023 1854 1149 1912 mortalis

59 1954 169 2029 peccati
183 1953 238 2010 sibi
260 1952 393 2011 conscius
407 1971 466 2011 non
486 1954 532 2021 sit,
547 1954 572 2010 si
593 1953 622 2010 in
636 1952 792 2028 diplomate
813 1954 899 2010 verba
920 1952 981 2010 haec
1001 1953 1145 2030 legantur:

61 2052 150 2120 “Qui
164 2071 229 2110 vere
250 2053 420 2128 penitentes
441 2053 577 2119 confessi,
589 2051 681 2120 &c.,’'
696 2053 734 2110 ita
751 2053 827 2111 enim
842 2052 978 2127 probante
999 2052 1150 2111 Clemente

60 2152 147 2211 Xlll.
162 2152 258 2210 statuit
270 2152 302 2210 S.
317 2150 354 2209 G.
369 2151 623 2228 Indulgentiarum.

101 2255 171 2310 254.
186 2250 205 2309 J
207 2250 333 2310 ubilaens
347 2260 392 2309 est
404 2251 580 2330 indulgentia
592 2250 718 2328 plenaria
730 2269 795 2308 cum
809 2251 966 2328 privilegiis
980 2253 1149 2330 cortjunota;

60 2350 172 2409 scilicet
196 2351 228 2408 fit
259 2350 375 2409 facultas
401 2350 599 2429 ¹Regularibus
632 2351 838 2409 confessarium
871 2351 1034 2424 quemlibet,
1064 2353 1150 2410 etiam

61 2450 238 2517 saecularem,
249 2468 286 2507 ex
300 2450 424 2525 probatis
439 2453 473 2509 ab
488 2446 667 2519 Ordinari0‚²
679 2459 708 2507 et
717 2450 981 2509 sanctimonialibus
994 2452 1151 2523 quemlibet

60 2568 99 2607 ex
111 2550 237 2625 probatis
251 2548 286 2606 ad
299 2548 454 2624 audiendas
468 2551 636 2610 monialium
651 2548 857 2616 confessi0nes,
871 2549 926 2607 sibi
940 2544 1091 2625 eligendi,⁸
1104 2551 1150 2606 cui

61 2649 147 2726 plena
172 2648 301 2706 tribuitur
330 2658 454 2725 potestas
480 2651 515 2708 ab
541 2649 674 2708 omnibus
698 2647 824 2724 peccatis
857 2655 886 2704 et
916 2649 1057 2716 censuris,
1083 2647 1151 2705 licet

62 2749 216 2807 reservatis
235 2748 357 2807 Summo
371 2749 515 2818 Pontifici,
529 2749 575 2807 vel
595 2749 743 2825 episcopo,
758 2746 942 2816 absolvendi;
957 2755 986 2803 et
1004 2755 1070 2805 vota
1084 2746 1151 2804 sim·

62 2848 157 2925 plicia,
172 2849 300 2924 exceptis
314 2848 349 2905 iis
363 2867 425 2922 quae
446 2849 475 2906 in
496 2848 744 2906 communitatibus
765 2847 940 2914 emittuntur,
955 2855 983 2903 et
1001 2847 1031 2903 in
1049 2845 1152 2917 quibus

62 2947 183 3007 aliorum
205 2949 332 3015 Interest,
345 2948 375 3005 in
389 2946 445 3005 alia
464 2949 512 3023 pia
525 2967 612 3024 opera
631 2944 841 3013 commutandi;
862 2953 891 3002 et
912 2944 1097 3021 dispensandi
1118 2943 1152 3000 ab

62 3047 315 3124 irregularitatibus
347 3049 500 3105 contractis
528 3049 566 3106 ob
600 3064 783 3105 censuramm
816 3039 1026 3102 violationem.⁴
1072 3043 1152 3100 Dum

64 3146 223 3204 celebratur
234 3145 374 3204 Jubilaeus
388 3147 449 3204 aliae
472 3146 653 3225 indulgentiae
674 3143 893 3220 suspenduntur,
907 3152 1008 3218 praeter
1027 3161 1075 3200 eas
1089 3158 1153 3216 quae

64 3245 242 3305 moribundis
261 3244 454 3314 conferuntur,
469 3248 516 3305 vel
542 3266 604 3319 quae
625 3244 766 3303 defunctis
787 3243 925 3320 applicari
952 3239 1086 3316 queunt,⁵
1105 3241 1152 3300 vel

64 3364 127 3417 quae
142 3344 311 3418 quibusdam
325 3346 457 3404 fidelibus
471 3344 542 3404 datae
556 3354 631 3414 sunt,
646 3344 691 3402 vel
702 3362 764 3417 quae
778 3345 812 3401 ab
823 3344 960 3419 episcopo
969 3344 1026 3402 loci
1040 3343 1151 3401 dantur.

63 3443 225 3502 Facultates
240 3453 333 3503 autem
352 3447 554 3521 episcoporum
567 3442 569 3447 ’
576 3445 642 3522 jure
662 3444 818 3512 communi,
835 3443 879 3500 vel
901 3444 1018 3519 speciali
1043 3442 1154 3502 indulto

63 3543 182 3612 innixae,
197 3554 321 3603 manent.
364 3544 525 3615 Facultates
546 3543 713 3603 absolvendi
734 3564 751 3601 a
770 3543 895 3620 peccatis
916 3544 1064 3601 reservatis
1085 3541 1154 3600 Sedi

64 3643 241 3719 Apostolicae
268 3653 296 3701 et
321 3643 515 3702 commutandi
541 3653 618 3713 vota,
632 3643 823 3721 Regularibus
850 3663 866 3699 a
891 3640 967 3699 Sede
990 3640 1155 3717 Apostolica

65 3760 225 3811 concessae,
236 3743 451 3820 suspenduntur
463 3752 592 3819 tempore
604 3743 719 3803 Jubilaei
732 3743 809 3800 Anni
823 3730 947 3798 Sancti.⁶

135 3929 178 3994 (ι)
199 3926 226 3976 ε.
237 3926 313 3992 Alph.
323 3928 340 3977 1.
351 3927 383 3977 vi,
394 3944 419 3979 n.
431 3929 488 3979 sat.
503 3930 542 3979 ιο.
752 3928 794 3992 (a)
813 3923 861 3973 Die
875 3925 904 3971 ra
917 3921 999 3973 nimii
1014 3922 1085 3971 1759.

135 4014 178 4078 (3)
197 4013 270 4061 Alex.
282 4012 377 4062 v11.in
389 4013 476 4063 Const.
493 4012 651 4080 Unigenitus.

135 4101 179 4167 (4)
197 4098 291 4149 Benod.
301 4099 372 4148 XIV.
383 4099 488 4150 constit.
504 4097 709 4150 celebrationem.
716 4096 744 4146 in
755 4095 821 4146 Bull.
832 4092 850 4143 t.
861 4093 896 4143 iii.

138 4186 181 4251 (b)
199 4183 300 4243 Ibidem,
312 4181 398 4233 const.
413 4183 654 4236 conterminum.

137 4271 180 4336 (6)
199 4268 242 4318 Ex
252 4268 312 4318 decl.
324 4268 418 4319 Urbani
432 4269 497 4319 VIII.
508 4284 566 4318 ann.
580 4266 651 4316 1625.

139 4355 183 4422 (6)
202 4353 376 4406 Benedxlv.
387 4353 473 4405 (donst.
485 4354 554 4406 Inter
562 4350 708 4422 melodos.
