2640 4860
262 338 320 398 DE
340 337 650 398 MINISTRANDIS
671 337 983 400 SAORAMENTIS.
1132 346 1169 404 tr

72 507 168 585 dignis
184 505 337 582 diligenter
349 498 520 578 inquirat,‘’¹
539 514 568 563 et
588 513 607 542 ‘⁶
617 505 654 573 ei,
676 506 722 564 cui
741 523 876 565 ascensus
890 505 925 565 ad
938 525 1036 566 sacros
1050 505 1166 567 ordines

73 628 93 666 a
111 624 164 666 suo
184 604 310 681 prelato,
331 623 369 662 ex
395 622 576 677 quacumque
601 623 696 674 causa,
719 606 805 664 etiam
831 607 869 665 ob
887 606 1030 666 occultum
1056 607 1166 666 crimen

73 703 301 779 quomodolibet,
329 703 412 762 etiam
445 703 705 782 extrajudicialiter,
738 705 823 764 fuerit
854 705 1053 774 interdictus,”
1087 707 1167 766 nulla

71 805 188 864 licentia
215 800 280 860 “de
306 820 338 859 se
363 792 527 879 promoveri
551 794 720 862 saciando'’²
744 802 922 881 suffragatur.
965 806 1030 864 Nec
1054 812 1165 865 tenetur

72 905 229 980 episcopus
254 919 370 959 causam
394 902 596 978 prohibitionis
616 901 757 979 detegere,
784 903 840 961 nisi
860 903 982 964 Summo
1004 897 1166 964 Pontifici.³

72 1003 216 1079 Indignus
230 1008 337 1068 autem,
350 1000 396 1058 vel
408 1001 508 1061 saltem
522 1000 599 1061 haud
613 1001 706 1061 adhuc
719 1001 849 1069 idoneus,
862 1003 1032 1078 plerumque
1044 1020 1163 1061 censen·

74 1101 129 1162 dus
143 1110 198 1168 est,
212 1100 262 1174 qui
276 1099 387 1176 peccati
399 1100 605 1160 cousuetudine
625 1101 748 1160 irretitus
761 1101 899 1159 hactenus
912 1103 1046 1170 noscitur,
1067 1120 1165 1174 quam·

73 1202 121 1260 vis
136 1201 263 1258 animum
276 1192 463 1275 penitentem
476 1200 655 1276 praeseferat3
668 1219 722 1258 nec
733 1202 810 1258 enim
826 1208 903 1259 tanto
915 1198 1035 1277 ponderi
1047 1200 1165 1259 ferendo

73 1299 256 1378 pervidetur.
279 1297 358 1356 Hinc
371 1300 456 1357 etiarn
471 1299 661 1358 confessarius
671 1299 789 1359 debetei
798 1300 937 1376 denegare
948 1299 1164 1367 absolutionem,

72 1401 103 1458 si
116 1418 174 1457 sue
187 1397 357 1456 infirmitatis
377 1397 528 1456 immemor
547 1400 615 1458 velit
640 1400 734 1457 statim
754 1398 868 1458 ordines
889 1417 986 1458 sacros
1006 1399 1164 1476 suscipere,

74 1517 141 1558 cum
157 1506 235 1556 tanto
250 1497 296 1554 sui
309 1504 337 1553 et
350 1495 470 1556 aliorum
482 1497 664 1566 discrimine3
685 1499 841 1574 prasertim
856 1499 882 1556 si
896 1517 992 1557 curam
1006 1499 1166 1556 animarum

74 1595 179 1656 deinde
193 1603 375 1671 suscepturus
393 1589 456 1652 sit.⁴

116 1700 166 1753 35.
190 1693 378 1754 Matrimonio
403 1702 435 1750 ut
458 1695 544 1753 liceat
563 1694 684 1763 adstare,
712 1694 855 1770 parochus
880 1694 964 1753 debet
990 1712 1163 1772 cognoscere

75 1795 219 1871 imprimis
231 1801 327 1851 utrum
344 1792 383 1850 sit
401 1791 516 1866 aliquod
528 1794 699 1852 canonicum
712 1792 958 1869 impedimentum,
972 1803 1056 1870 prout
1068 1804 1165 1851 monet

75 1893 203 1961 Rituale,
217 1901 246 1950 et
259 1911 295 1950 an
308 1899 456 1963 “uterque
476 1893 548 1951 sciat
566 1892 724 1951 rudimenta
742 1890 819 1960 fidei,
841 1910 906 1949 cum
927 1909 961 1948 ea
974 1890 1076 1948 deinde
1089 1890 1165 1949 filios

74 2011 146 2052 suos
159 1991 261 2050 docere
274 1987 427 2050 debeant.”
470 1991 713 2051 Proclamationes
733 2009 792 2050 non
811 2008 876 2048 esse
895 1988 1049 2058 faciendas,
1065 1988 1165 2056 donec,

76 2092 212 2150 examine
238 2090 375 2157 instituto,
397 2097 508 2148 constet
525 2109 575 2149 eas
597 2089 665 2148 fidei
687 2090 848 2148 rudimenta
873 2079 985 2156 callere,
1012 2089 1109 2147 statuit
1134 2087 1166 2144 S.

78 2190 278 2268 Congregatio
299 2183 452 2258 Consilii?
466 2190 603 2266 probante
624 2188 774 2248 Clemente
784 2179 942 2262 XL⁶quod
952 2197 981 2246 et
990 2187 1170 2246 confirmavit

76 2288 252 2349 Benedictus
265 2279 367 2347 XlV.⁷
409 2288 577 2347 Curandum
589 2288 697 2349 idcirco
708 2290 826 2348 omnino
837 2296 880 2345 est
889 2297 920 2346 ut
932 2307 966 2346 ea
978 2287 1165 2346 edoceantur:

75 2399 211 2448 caeterum
243 2388 272 2446 in
306 2389 456 2465 mancipiis
489 2387 608 2460 aliisque
641 2389 757 2447 humilis
790 2386 972 2454 conditionis,
1004 2395 1033 2446 et
1058 2385 1166 2462 ingenii

77 2487 244 2554 hebetioris,
259 2504 317 2544 non
330 2505 364 2542 ea
377 2506 440 2558 quae
450 2487 480 2544 in
493 2486 556 2544 aliis
566 2488 719 2559 requiritur
731 2487 899 2564 disciplina;
920 2496 948 2542 et
961 2486 996 2543 ob
1008 2485 1167 2562 periculum

78 2584 262 2663 confugiendi
276 2585 311 2643 ad
324 2603 470 2661 praecones
483 2585 641 2653 hereticos,
655 2604 712 2644 non
725 2585 808 2644 facile
821 2582 980 2660 repellendi
993 2584 1100 2640 suntin
1114 2582 1167 2639 hac

80 2687 196 2762 regione
220 2685 270 2757 qui
291 2684 386 2742 minus
406 2685 536 2743 instructi
554 2685 740 2760 reperiuntur,
761 2703 850 2757 quum
864 2691 893 2739 et
905 2699 999 2739 rerum
1013 2681 1167 2738 necessitas

80 2786 163 2844 faciat
187 2794 220 2842 ut
245 2784 330 2842 etiam
353 2783 479 2842 haeretici
498 2802 565 2843 curn
590 2782 760 2850 Catholicis,
787 2802 824 2841 ex
849 2780 1073 2858 dispensatione,
1101 2797 1167 2837 con·

79 2887 242 2961 jungantur.

119 2987 169 3042 36.
191 2982 394 3042 Peccatoribus
408 2983 526 3041 occultis
550 2981 600 3055 qui
619 2981 713 3056 palam
733 3000 750 3037 a
769 2978 895 3055 parocho
909 2986 1008 3053 petunt
1027 2986 1169 3034 uteorum

85 3082 171 3140 adstet
189 3081 308 3158 nuptiis,
332 3083 512 3159 praesentiam
533 3082 596 3158 ejus
618 3097 676 3137 non
699 3078 895 3156 denegandam
915 3076 1075 3134 communis
1090 3075 1169 3133 theo·

84 3182 211 3258 logorum
225 3181 366 3240 sententia
379 3190 431 3249 est,
447 3190 517 3238 teste
532 3181 564 3237 S.
579 3172 753 3255 alphonso!
793 3177 879 3245 Quod
900 3177 924 3234 si
945 3175 1052 3252 publici
1071 3194 1170 3253 pecca·

88 3290 168 3348 tores,
195 3281 296 3353 quales
329 3300 417 3358 supra
442 3280 657 3356 descripsimus,
690 3277 719 3335 id
751 3287 855 3354 petant,
882 3285 969 3354 negat
993 3277 1034 3334 eis
1060 3293 1170 3334 morem

87 3379 251 3456 gerendum,
277 3398 354 3448 nam,
381 3380 501 3438 docente
527 3378 684 3437 Benedicto
710 3376 794 3435 XIV.
818 3376 960 3454 parochus
987 3375 1047 3432 “in
1073 3374 1170 3433 multis

87 3488 264 3556 comparatur
277 3480 417 3548 ministro,
437 3497 491 3536 nec
509 3477 584 3536 licite
605 3496 658 3536 sua
677 3477 830 3554 praesentia
851 3477 964 3535 firmare
987 3483 1082 3552 potest
1104 3492 1170 3532 con-

89 3586 212 3647 tractum,
234 3597 321 3651 quem
347 3579 435 3637 scita
461 3577 691 3658 contrahentibus
711 3576 849 3653 sacrilege
869 3565 984 3634 iniri.”⁹
1026 3572 1170 3631 Caeterum

90 3695 173 3749 quum
199 3678 230 3736 in
255 3677 418 3754 regionibus
444 3677 548 3735 nostris
573 3695 633 3736 non
652 3677 746 3752 vigeat
770 3676 922 3752 disciplina
942 3671 1113 3731 Tridentino
1137 3669 1172 3727 de

122 3879 163 3943 (l)
183 3876 252 3926 Trid.
264 3876 328 3925 Sess.
340 3876 408 3926 xxiii.
422 3893 443 3926 c.
454 3893 477 3925 u.
489 3876 518 3928 de
530 3875 587 3946 Res.
673 3879 716 3944 (2)
735 3877 835 3938 Ibidem,
847 3875 911 3923 Sess.
923 3874 972 3922 xiv.
983 3889 1004 3921 o.
1016 3872 1032 3920 i.
1043 3870 1072 3920 de
1085 3869 1141 3937 Res.

124 3962 165 4027 (3)
185 3961 211 4008 S.
224 3959 319 4010 Concil.
331 3960 417 4010 declar.
430 3963 460 4009 21
478 3960 560 4010 Martii
573 3960 645 4021 16³4,
656 3967 680 4009 et
691 3964 720 4009 21
735 3960 826 4024 Aprilis
847 3961 918 4016 1668,
934 3963 959 4005 et
978 3957 1040 4006 Ben.
1060 3954 1130 4004 XIV.
1147 3954 1176 4004 dc

93 4043 150 4107 Syn.
160 4045 176 4096 l.
187 4043 231 4093 xii.
240 4061 261 4093 c
273 4044 323 4093 viii.
334 4060 359 4093 n.
371 4047 395 4105 3,
404 4047 429 4096 4.
680 4046 722 4110 (4)
742 4044 805 4092 Vide
816 4044 842 4091 S.
854 4042 928 4106 Alph.
938 4043 954 4090 l.
965 4041 996 4091 ui.
1008 4057 1033 4091 n.
1046 4043 1085 4093 64.

124 4129 167 4195 (5)
187 4128 237 4178 An.
249 4130 323 4178 rura.
678 4129 721 4193 (a)
741 4126 805 4175 auu.
818 4129 841 4186 ς.
852 4125 913 4175 aiu
928 4129 950 4178 1.

129 4213 170 4277 (7)
190 4211 240 4264 xlii.
251 4211 279 4262 in
289 4227 334 4262 suo
348 4211 438 4262 Bullar.
450 4217 473 4272 ς.
485 4213 518 4262 xi.
529 4218 547 4261 t
560 4215 581 4260 1.
679 4211 722 4277 (8)
741 4209 771 4259 L.
782 4210 814 4259 vi.
825 4226 850 4259 n.
861 4212 902 4260 ot.

442 4297 484 4364 (9)
504 4295 543 4345 De
554 4295 615 4360 Syn.
623 4295 640 4344 1.
651 4294 700 4344 viii.
711 4310 733 4345 c.
744 4295 794 4344 xiv.
807 4296 830 4342 5.

611 4375 658 4433 3*
