2634 4854
577 301 584 328 Ι

182 387 239 445 lta
427 382 484 443 DE
505 380 672 443 SIGILLO
693 378 1013 443 OONFESSIONIS.

181 559 245 609 tur:
267 560 441 628 quapropter
461 559 543 609 caute
564 548 706 626 agendum
727 557 780 619 est,
804 567 841 607 ne
863 550 926 627 ipse
949 549 1113 609 detrimenti
1132 548 1209 623 quid,
1222 552 1258 610 vel

178 649 352 727 gravaminis
366 651 496 726 patiatur.
539 648 708 707 Cavendum
730 667 767 706 ne
787 667 851 722 que
874 650 984 708 occulta
1005 651 1142 708 ineuntur
1154 648 1258 718 federa,

179 749 225 807 vel
239 748 333 807 caedes
348 757 502 825 patrantur,
517 748 610 824 palam
624 747 827 824 significentur,
848 749 959 821 quoties
972 768 1074 808 eornm
1088 750 1188 808 notitia
1199 768 1259 808 non·

179 848 236 907 nisi
249 866 287 905 ex
300 848 480 907 confessione
494 847 618 905 derivata
631 857 684 904 est.

220 951 270 1006 87.
292 947 484 1023 Interrogatus
504 945 695 1004 confessarius
718 954 811 1003 utrum
838 947 902 1019 quis
929 945 1005 1022 apud
1029 965 1097 1006 eum
1120 945 1259 1005 confessus

180 1045 276 1112 fuerit,
290 1047 394 1121 poterit
405 1045 573 1121 plerumque
586 1044 768 1122 respondere,
790 1054 875 1121 prout
896 1062 943 1102 res
965 1045 1105 1104 sehabet.
1147 1044 1261 1112 Quodsi

182 1145 254 1202 clam
269 1145 429 1210 accesserit,
444 1145 536 1220 ipsam
550 1145 761 1203 confessionem
772 1145 891 1201 celatam
911 1144 1023 1212 volens,
1048 1152 1149 1222 putant
1161 1144 1259 1220 plnres,

182 1242 340 1315 etquidem
362 1252 449 1311 recte,
466 1242 562 1320 judice
586 1243 618 1301 S.
640 1242 801 1319 Alphonso,
823 1243 912 1319 frangi
933 1243 1073 1320 sigillum,
1094 1243 1120 1300 si
1139 1261 1261 1302 accessus

182 1343 245 1419 ejus
266 1361 282 1399 a
301 1342 476 1401 confessario
497 1342 663 1409 declaretur,
690 1361 755 1400 narn
776 1342 912 1417 gravioris
939 1345 1048 1418 peccati
1075 1338 1260 1418 suspicionem

178 1440 260 1499 facile
286 1438 401 1518 injicit.1
450 1441 496 1499 De
521 1443 556 1499 iis
583 1450 675 1499 autem
709 1461 772 1515 quac
798 1440 959 1499 confitendo
984 1441 1174 1509 declarantur,
1200 1441 1262 1501 nihil

182 1559 299 1617 prorsus
323 1540 475 1599 dicendum
497 1551 558 1608 est3
580 1559 614 1598 ea
638 1542 713 1598 enim
735 1543 865 1617 ignorare
884 1550 1026 1610 censetur,
1053 1559 1145 1614 quum
1159 1543 1261 1599 nonnisi

183 1639 240 1698 Dei
254 1641 331 1698 vices
345 1640 454 1718 gerenti
468 1641 654 1698 innotescant.
696 1649 715 1675 ‘⁶
727 1640 826 1699 Homo
845 1658 903 1697 non
924 1639 1074 1699 adducitur
1094 1640 1125 1697 in
1148 1640 1261 1699 testimo·

183 1742 273 1805 nium,
287 1740 341 1797 nisi
356 1749 387 1797 ut
399 1739 498 1798 homo.
540 1740 581 1797 Et
594 1741 659 1797 ideo
673 1741 736 1798 sine
749 1739 866 1800 laesione
879 1740 1063 1798 conscientiae
1077 1748 1175 1815 potest
1179 1739 1261 1815 jurare

185 1856 216 1895 se
230 1840 351 1906 nescire,
367 1838 443 1911 quod
457 1838 510 1894 scit
520 1848 625 1896 tantum
636 1847 667 1896 ut
680 1833 811 1897 Deus.”²
850 1838 941 1914 [gitur
950 1839 1120 1915 simpliciter
1133 1836 1261 1914 denegas

184 1937 268 1997 debet
294 1956 325 1995 se
348 1956 382 1995 ea
401 1956 505 1997 nosse:
528 1938 605 2011 quod
631 1940 656 1996 si
677 1937 790 1996 aliunde
815 1939 935 2005 noverit,
955 1937 1116 1996 cavendum
1142 1955 1180 1995 ne
1205 1936 1261 2010 quid

183 2039 288 2096 certius
302 2055 339 2094 ex
352 2038 532 2096 confessione
545 2037 711 2113 proferatur.
754 2037 800 2094 De
813 2036 989 2095 absolutione
999 2038 1191 2112 interrogatus
1204 2055 1261 2094 nun·

185 2154 269 2208 quam
284 2135 367 2193 debet
379 2136 485 2208 aliquid
500 2134 649 2206 affirmare,
664 2154 752 2209 quum
765 2135 800 2194 de
814 2155 847 2193 ea
861 2136 968 2193 nemini
980 2134 1128 2194 reddenda
1144 2135 1183 2193 sit
1194 2136 1261 2203 ratio,

185 2236 239 2292 nisi
253 2237 282 2293 in
296 2253 379 2292 sacro
399 2234 540 2301 tribunali,
561 2237 586 2293 si
609 2234 679 2308 quid
692 2235 728 2293 de
742 2254 776 2293 ea
788 2235 955 2307 deliquerit:
977 2253 1035 2307 quo
1048 2243 1148 2292 tamen
1161 2243 1263 2302 eventu,

183 2333 219 2391 de
233 2352 355 2410 persona
368 2334 454 2391 altum
467 2334 638 2392 servandum
659 2344 703 2393 est
721 2336 875 2393 silentium.
919 2334 983 2392 Nec
997 2353 1080 2402 voce,
1094 2351 1150 2391 nec
1163 2333 1264 2409 scriptis

184 2433 378 2491 testimonium
402 2432 437 2490 de
461 2432 636 2492 absolutione
650 2452 785 2493 concessa
804 2451 930 2506 unquam
943 2431 1068 2491 dandum
1088 2440 1150 2499 est;
1171 2432 1266 2490 namsi

184 2534 275 2591 semel
289 2532 452 2610 denegetur,
467 2532 534 2591 dum
549 2534 618 2592 alias
632 2534 706 2592 solet
718 2534 789 2601 dari,
810 2544 855 2592 est
873 2533 1008 2592 indicium
1022 2533 1135 2610 peccati
1148 2531 1267 2590 mortalis

187 2632 316 2698 admissi,
330 2636 412 2711 cujus
426 2652 483 2690 non
497 2634 628 2709 poenituit
647 2633 839 2691 confitentem.
882 2632 1026 2691 Schednla
1045 2641 1141 2690 autem
1164 2630 1267 2689 confes·

186 2733 277 2792 sionis
299 2741 419 2810 peracto
445 2742 567 2790 nonest
589 2732 718 2809 neganda
737 2733 854 2808 petenti,
880 2733 949 2790 licet
968 2732 1108 2791 absolutio
1135 2730 1199 2788 data
1216 2748 1271 2788 non

185 2832 281 2900 fuerit,
295 2842 324 2890 et
336 2832 394 2908 peti
409 2830 536 2889 videatur
546 2831 581 2889 ad
595 2832 657 2890 aliis
670 2831 863 2890 illudendum:
880 2850 942 2889 eam
957 2832 1033 2889 enirn
1048 2830 1191 2906 denegare
1204 2831 1274 2888 foret

186 2930 323 2990 indirecta
354 2930 498 2998 revelatio,
525 2932 550 2987 si
580 2932 721 3004 aliquibus
742 2931 921 2989 consueverit
941 2922 1027 2989 dari.³
1081 2931 1114 2987 Si
1142 2928 1272 2987 sacerdos

187 3032 318 3091 inviserit
338 3039 485 3107 aegrotnm,
509 3030 544 3088 ad
567 3048 652 3103 quem
676 3031 758 3097 alius,
778 3049 813 3087 eo
836 3042 964 3107 rogante,
984 3029 1128 3088 delaturus
1149 3035 1193 3086 est
1217 3029 1274 3087 Eu·

188 3130 362 3197 charistiam,
390 3129 436 3187 vel
463 3130 562 3187 ultima
587 3130 683 3188 salutis
713 3128 849 3198 subsidia,
870 3129 953 3186 debet
972 3130 1143 3205 simpliciter
1166 3127 1270 3195 dicere,

187 3247 217 3285 se
241 3232 302 3306 ejus
327 3229 478 3304 excepisse
501 3229 721 3287 confessionem.
764 3229 797 3285 Si
818 3228 911 3285 audita
931 3229 1111 3287 confessione
1132 3235 1215 3305 roget
1234 3245 1276 3283 sa·

187 3327 281 3395 crista,
297 3339 389 3384 ntrurn
415 3327 507 3385 danda
529 3329 567 3386 sit
589 3329 762 3395 communio,
784 3327 951 3385 debetcum
979 3329 1121 3386 remittere
1135 3327 1172 3385 ad
1186 3326 1275 3403 poeni-

187 3434 302 3493 tentem,
317 3426 362 3483 vel
375 3436 526 3502 expectare
547 3428 609 3503 ejus
629 3445 775 3485 accessum
791 3427 824 3484 ad
839 3446 948 3484 sacram
971 3423 1128 3485 mensam.⁴
1169 3426 1202 3484 Si
1216 3443 1275 3483 rem

188 3525 302 3599 publice
316 3536 413 3582 notam
428 3544 491 3597 quoe
506 3526 646 3609 objectum
663 3527 716 3584 fuit
729 3527 846 3602 pcccati,
861 3527 965 3601 pandat
978 3527 1118 3603 poenitens
1132 3523 1275 3582 sacerdoti

184 3622 278 3682 adhuc
292 3625 354 3700 ejus
369 3625 478 3701 ignaro,
488 3625 564 3697 quod
578 3625 688 3682 scilicet
701 3635 806 3700 patrata
819 3624 895 3682 sitin
908 3627 1007 3700 plataea
1017 3625 1051 3681 ab
1062 3625 1160 3695 aliquo
1173 3623 1277 3691 caedes,

185 3723 230 3780 vel
244 3723 320 3795 quod
335 3726 399 3796 quis
413 3724 562 3801 injudicio
575 3743 641 3780 reus
655 3725 693 3780 sit
705 3725 828 3792 habitus,
843 3743 901 3782 non
915 3733 958 3782 est
968 3743 1101 3782 arcanum
1114 3741 1275 3781 sacramen·

184 3822 250 3890 tale,
264 3823 315 3881 sed
329 3824 364 3881 de
375 3842 409 3881 eo
424 3824 503 3895 loqui
517 3841 574 3881 non
596 3832 706 3898 oportet
719 3822 809 3880 donec
826 3822 893 3880 alias
912 3823 1085 3881 confessario
1105 3824 1275 3880 innotescat.

213 3927 263 3980 88.
279 3923 373 3999 Sigilli
381 3922 516 3999 obligatio
524 3922 613 3980 oritur
626 3923 751 3978 exomni
764 3921 860 3980 etsola
870 3922 1051 3980 confessione
1062 3921 1272 3989 sacramentali,

183 4021 294 4079 scilicet
306 4041 370 4094 quae
383 4023 416 4080 fit
429 4022 464 4079 ad
478 4020 684 4079 absolutionem
699 4020 849 4091 aliquando
864 4021 1056 4090 obtinendam,
1077 4023 1105 4080 ei
1117 4021 1168 4094 qui
1181 4038 1274 4077 sacer·

179 4118 230 4176 dos
240 4119 369 4188 habetur,
383 4130 411 4179 et
419 4121 512 4199 judex
521 4116 674 4198 legitimus,
689 4119 742 4178 etsi
753 4121 958 4180 absolutionem
969 4139 1069 4198 reapse
1080 4140 1137 4179 non
1151 4117 1272 4178 concedi

217 4279 258 4344 (l)
279 4277 309 4326 L.
321 4279 352 4328 vi,
363 4296 388 4328 n.
401 4283 459 4331 638.
629 4281 671 4347 (2)
691 4280 717 4329 S.
730 4280 820 4330 Thom.
832 4281 920 4347 Suppl.
930 4282 964 4331 iii.
975 4298 1000 4347 p.
1011 4298 1053 4347 qu.
1065 4281 1099 4333 xi.
1110 4287 1153 4331 art
1165 4280 1181 4331 i.
1193 4280 1226 4330 ed
1238 4282 1264 4328 3.

214 4360 257 4427 (a)
277 4360 564 4426 salmanasar.
629 4365 671 4429 (4)
691 4361 761 4414 nvn
773 4366 868 4415 nere.
