2640 4860
179 377 235 434 tos
522 366 580 428 DE
602 363 913 427 consssslons.

174 539 294 597 remim
305 544 382 603 suot,
396 534 498 592 iterum
513 532 700 611 subjiciantur
712 531 1003 600 claribus,sufficitse
1017 550 1117 591 eorum
1130 534 1230 592 incusare

173 636 340 715 generatim,
360 651 419 692 uno
442 630 488 688 vel
507 631 594 689 altero
614 630 748 690 indicato.
790 630 858 688 Vim
878 629 1001 689 clavium
1015 632 1101 690 etiam
1115 627 1233 690 iniissol·

173 732 273 792 vendis
286 733 413 791 exerceri
427 729 552 789 ostendit
565 729 597 787 S.
611 729 760 788 Thomas:
783 738 803 765 ‘⁶
812 728 911 787 dicunt
922 728 981 799 alii,
996 730 1081 788 etiam
1096 731 1125 789 in
1137 725 1236 788 secunda

173 831 352 891 absolutione
375 829 483 903 aliquid
506 829 535 886 vi
557 829 680 889 clavium
702 827 805 886 dimitti
827 827 863 885 de
883 846 986 904 poena:
1008 829 1076 901 quia
1096 824 1239 888 inseranda

173 931 350 990 absolutione
363 930 459 1008 gratia
472 928 616 986 confertur
629 920 862 1004 augmentum.’'¹

212 1033 261 1089 60.
283 1027 466 1089 Moribundis
479 1027 552 1085 solet
564 1044 640 1103 saepe
651 1026 711 1084 dari
724 1025 875 1093 absolutio,
886 1024 998 1083 etiamsi
1006 1026 1070 1102 jam
1083 1044 1141 1085 non
1153 1024 1246 1083 vdeant

172 1148 276 1188 sensus
296 1148 364 1187 suos
377 1127 568 1194 manifestare,
583 1125 629 1183 vel
646 1125 742 1183 iterato
755 1124 882 1183 confiteri
894 1133 1028 1200 peecata:
1050 1125 1101 1183 sed
1114 1125 1149 1184 ob
1166 1123 1252 1201 priora

172 1229 345 1306 ponitentiae
359 1226 464 1286 indicia
477 1232 632 1283 censentur
653 1223 725 1281 velle
741 1223 869 1281 confiteri
883 1233 910 1280 et
931 1223 1044 1281 veniam
1065 1232 1172 1302 petere:
1192 1239 1256 1295 qua·

172 1337 288 1407 propter
307 1345 343 1385 ne
359 1326 453 1386 lorsan
474 1322 544 1397 quid
556 1322 640 1380 etiam
655 1323 717 1381 leve
730 1321 894 1380 admiserint
905 1331 971 1399 post
984 1323 1186 1383 absolutionem
1198 1321 1260 1398 jam

171 1425 277 1496 deum,
291 1427 321 1485 iu
334 1437 461 1484 extremo
475 1422 639 1482 discrimine
653 1422 754 1481 iterum
768 1421 962 1480 absolvuntur.

368 1708 394 1783 §.
418 1707 509 1766 VIII.
551 1706 599 1766 De
619 1723 825 1766 musonianus
845 1722 1066 1764 coursssrours.

211 1936 261 1993 dl.
282 1932 433 2010 Integritas
445 1932 636 1991 confessionis
649 1927 817 1990 materialis
831 1949 848 1987 a
860 1927 966 1989 scholae
979 1928 1144 1988 doctoribus
1158 1927 1254 1987 dicitur

171 2032 257 2108 plena
269 2043 451 2109 peccatorum
464 2032 575 2099 relatio,
589 2048 709 2088 numero
716 2039 745 2087 et
753 2028 975 2088 circumstantiis
985 2028 1153 2087 necessariis
1166 2045 1258 2086 recen·

174 2132 248 2190 sitis.
290 2128 444 2188 Formolie
465 2138 580 2187 vocatur
604 2129 761 2206 integritas,
783 2127 942 2201 quandofit
960 2124 1258 2200 confessidquatenus

170 2228 232 2287 fieri
245 2229 337 2303 possit
346 2238 374 2284 et
383 2224 495 2295 debeat,
508 2228 638 2300 quamvis
648 2228 752 2300 aliqua,
763 2246 801 2286 ex
813 2226 968 2295 oblivione,
982 2226 1028 2284 vel
1041 2226 1163 2288 alineex
1178 2244 1260 2285 eausa

166 2327 255 2403 justa,
269 2326 443 2383 omittantur.
486 2325 651 2386 Concilium
671 2324 874 2385 Tridentinum
887 2325 971 2385 docet
988 2343 1086 2385 omnia
1098 2323 1260 2384 declaranda

173 2432 192 2459 ‘⁶
202 2443 323 2498 quorum
335 2426 472 2483 memoria
482 2443 547 2483 cum
557 2424 652 2484 debita
661 2434 690 2484 et
699 2424 829 2503 diligenti
841 2424 1083 2502 praemeditatione
1093 2421 1256 2483 habeatur.”

172 2523 317 2599 Equidem
338 2542 423 2582 nemo
440 2533 534 2601 potest
546 2522 654 2601 culpari
668 2524 746 2598 quod
766 2521 928 2583 confitendo
948 2523 1076 2582 omiserit
1088 2541 1122 2581 ea
1141 2539 1259 2595 quorum

171 2625 340 2684 memoriam
350 2623 456 2682 nullam
465 2623 611 2692 habuerit,
627 2624 672 2682 vel
681 2643 745 2696 quae
753 2625 959 2682 conscientiam
968 2623 1129 2680 nullatenus
1140 2638 1260 2679 momor-

174 2724 266 2783 derint
278 2743 315 2782 ex
328 2742 425 2781 errore
434 2723 599 2782 invincibili.
621 2723 704 2791 Alia,
715 2731 816 2798 praeter
825 2721 1011 2789 oblivionem,
1019 2739 1113 2780 causae
1127 2729 1261 2778 excusant

171 2825 368 2891 omissionem,
383 2821 625 2894 scilicet,quando
641 2821 852 2898 impossibilitas
863 2820 984 2896 physica
993 2820 1040 2878 uel
1048 2818 1165 2878 moralis
1175 2816 1261 2889 officit

172 2922 265 2998 plenae
274 2932 453 2998 peccatorum
467 2921 648 2980 accusationi.
678 2920 754 2979 Muti
763 2939 819 2978 non
832 2919 928 2977 valent
940 2920 1077 2995 integram
1091 2918 1260 2995 plenamque

172 3021 385 3081 confessionem
406 3028 588 3097 pcccatorum
608 3038 752 3096 peragere,
767 3020 816 3092 qui
837 3027 931 3076 tamen
952 3017 1062 3076 absolvi
1082 3024 1201 3090 queunt,
1221 3015 1260 3072 in·

172 3119 247 3179 dicio
260 3121 354 3192 aliquo
368 3120 476 3195 peccati
490 3116 607 3178 admissi
621 3118 695 3186 dato,
710 3137 775 3176 cum
788 3117 895 3176 doloris
904 3116 1128 3194 significatione:
1144 3113 1260 3188 quodsi

171 3221 295 3277 seribere
305 3219 426 3293 possint,
437 3218 544 3289 absque
553 3217 787 3275 manifestationis
799 3216 943 3294 periculo;
960 3215 1088 3273 videntur
1098 3214 1198 3281 teneri,
1212 3215 1259 3285 qui

171 3317 247 3373 enirn
256 3316 410 3386 nequitate
418 3315 558 3383 confiteri,
568 3315 660 3382 debet,
669 3333 725 3387 qua
734 3316 842 3374 ratione
850 3315 935 3383 valet,
945 3333 996 3371 sua
1004 3313 1257 3391 peccaterevelare.

171 3413 241 3471 Non
259 3422 366 3470 tanturn
381 3413 411 3470 in
425 3413 522 3471 mortis
536 3413 711 3482 discrimine,
723 3414 812 3472 sedet
825 3423 942 3491 urgente
956 3421 1099 3489 praecepto
1118 3411 1256 3489 paschali,

170 3520 264 3571 mutos
273 3510 374 3568 debere
383 3512 487 3586 scripto
496 3509 790 3581 adconfitendumuti,
800 3521 876 3572 tenet
883 3512 1025 3590 postulios
1034 3503 1259 3587 S.Alphonsus.¹

170 3608 338 3670 Moribundi
348 3610 449 3682 quibus
463 3608 542 3667 deest
553 3611 676 3683 loquelae
690 3631 769 3680 usus,
781 3613 826 3670 vel
839 3630 960 3685 quorum
970 3612 1045 3669 vires
1058 3610 1175 3686 penitus
1184 3607 1258 3666 defe-

170 3722 278 3780 cerunt,
292 3709 338 3768 vel
345 3710 395 3783 qui
403 3708 530 3786 indigent
539 3710 811 3788 medicorumopera
821 3711 966 3779 continua,
976 3709 1021 3768 vel
1030 3708 1165 3769 mulieres
1180 3715 1258 3785 partu

170 3811 341 3878 laborantes,
355 3809 460 3883 aliique
474 3811 565 3870 subito
580 3811 610 3869 in
623 3811 798 3877 discrimine,
810 3809 845 3866 ad
855 3810 969 3886 plenam
980 3808 1193 3867 confessionem
1203 3823 1258 3864 non

170 3917 309 3969 tenentur.
340 3910 391 3967 Sic
404 3920 432 3966 et
444 3909 548 3967 milites
562 3911 655 3968 statim
669 3909 823 3987 ingressuri
836 3917 989 3976 certarnen,
1004 3917 1032 3965 et
1044 3914 1135 3965 nautae
1148 3904 1259 3982 pericli

169 4014 269 4076 mons,
279 4008 459 4066 confessione
473 4009 594 4080 quadam
607 4007 731 4085 generali
744 4006 826 4074 facta,
841 4005 1039 4064 absolvuntur:
1061 4005 1118 4065 nisi
1132 4003 1260 4081 copiaslt

167 4107 303 4178 specialis
323 4106 512 4165 confessionis
533 4108 655 4184 alicujus
669 4105 774 4165 delicti.
816 4105 928 4173 Quibus
942 4123 1000 4164 non
1014 4114 1058 4163 est
1071 4104 1156 4180 copia
1168 4121 1257 4162 sacer·

206 4319 248 4382 (l)
268 4317 354 4383 Suppl.
365 4319 400 4368 iii.
411 4335 435 4383 p.
448 4337 489 4385 qu.
500 4323 568 4373 xviii.
580 4331 622 4374 art
634 4325 660 4374 ii.
671 4324 709 4374 ad.
720 4326 745 4372 4.
986 4327 1028 4391 (2)
1047 4322 1078 4373 1..
1086 4322 1118 4373 vi.
1129 4324 1224 4373 asra.
