2640 4860
108 405 169 463 994
307 397 367 460 DE}
388 396 709 465 lMPEDlMEN'I'IS
729 396 1008 459 MATRIMONII.

111 574 213 627 atteats
226 564 422 624 consideretur
441 565 517 638 quod
531 564 602 623 fides
623 574 652 624 et
671 566 834 624 testimonia
853 567 926 624 bene
947 565 1128 625 identificent
1145 583 1201 641 per·

111 685 197 724 sonas
211 663 246 720 de
260 666 365 737 quibus
379 665 502 742 agitur.”
525 665 558 723 ln
573 665 626 723 hac
640 665 768 740 regione,
779 666 809 723 in
823 684 907 738 quam
919 661 1047 723 exomni
1060 664 1120 722 fere
1133 665 1203 721 orbis

113 777 192 844 parte
207 764 354 822 confluunt
367 765 395 822 in
410 765 471 822 dies
491 764 633 831 homines,
648 783 685 821 ex
699 763 754 821 alia
767 765 797 822 in
817 765 899 823 aliam
921 764 1102 840 provinciam
1124 764 1204 820 etiam

113 863 280 940 migrantes,
293 864 342 921 lex
355 863 402 920 illa
416 863 464 919 vix
477 864 638 921 executioni
653 861 818 921 demandari
832 864 915 921 valet.
958 863 1137 936 Plerumque
1151 881 1204 919 non

113 963 242 1039 suppetit
261 961 375 1035 aliquod
395 962 478 1020 liberi
491 971 579 1020 status
600 961 812 1031 documentum,
827 980 880 1020 nec
900 962 970 1020 ratio
989 961 1112 1019 habetur
1132 961 1205 1018 illins

114 1061 263 1129 noscendi,
278 1072 379 1138 praeter
393 1063 518 1138 ipsorum
539 1059 705 1120 contrahere
720 1060 875 1120 volentium
889 1059 1112 1119 affirmationem
1129 1062 1205 1139 jura-

115 1171 183 1229 tam,
198 1161 244 1218 vel
257 1160 375 1218 aliorum
389 1160 439 1233 qui
452 1178 502 1217 eos
516 1170 619 1218 norunt
632 1162 836 1219 testimonium.

158 1263 225 1317 194.
248 1260 358 1317 Milites
370 1259 398 1317 in
412 1259 513 1316 actuali
527 1259 711 1335 expeditione
725 1268 847 1334 possunt
859 1277 954 1316 coram
970 1257 1141 1335 capellanis
1150 1259 1206 1315 suis

116 1359 161 1417 vel
175 1343 308 1435 parochis
321 1358 504 1415 contrahere:
526 1359 555 1416 111
569 1359 719 1434 hybernis,
734 1358 780 1415 vel
800 1358 915 1425 aestivis,
930 1358 976 1415 vel
1000 1357 1070 1416 dum
1093 1368 1162 1416 sunt
1180 1358 1207 1415 in

116 1458 268 1533 praesidiis,
294 1475 388 1514 coram
415 1456 542 1532 parocho
568 1457 746 1515 contrahunt.
787 1456 964 1531 Alienigena
990 1457 1021 1514 in
1048 1457 1207 1515 carceribus

116 1555 222 1614 detenti
236 1566 380 1628 nequeunt
399 1554 574 1614 contrahere.
609 1556 694 1632 AEgri
715 1555 744 1612 in
766 1554 953 1632 hospitalibus
974 1567 1124 1628 nequeunt
1145 1575 1208 1614 con·

118 1656 239 1723 trahere,
260 1657 316 1713 nisi
343 1664 442 1732 urgeat
463 1655 627 1721 necessitas,
642 1673 700 1727 qua
719 1663 886 1712 occurrente
912 1655 1052 1732 conjungi
1078 1663 1206 1733 possunt,

118 1756 187 1828 quin
211 1756 294 1812 liceat
307 1754 363 1812 illis
384 1754 471 1821 coire,
486 1753 541 1811 nisi
563 1763 652 1811 status
675 1755 748 1811 liber
760 1754 904 1830 probetur.
939 1753 1049 1812 Puellae
1071 1754 1206 1832 expositae

117 1872 180 1927 quae
195 1854 302 1931 degunt
320 1853 349 1911 in
372 1853 600 1920 conservatoriis,
612 1871 708 1911 coram
728 1852 852 1928 parocho
865 1853 931 1920 loci,
946 1871 1005 1910 non
1026 1853 1094 1912 verb
1116 1871 1206 1911 coram

117 1954 271 2029 capellanis
298 1951 475 2010 contrahunt.
527 1951 599 2017 Quae
625 1950 731 2029 degunt
757 1953 786 2010 in
819 1952 998 2009 monasteriis
1032 1951 1206 2011 educationis

117 2071 202 2110 causa
214 2052 318 2110 debent
340 2052 507 2109 contrahere
529 2069 624 2108 coram
644 2051 772 2127 parocho
786 2050 922 2108 domicilii
943 2052 1064 2127 paterni,
1080 2051 1206 2116 materni,

117 2151 164 2209 vel
178 2151 301 2218 fraterni,
315 2151 340 2208 si
354 2149 435 2217 adsit,
450 2167 533 2210 secus
547 2168 642 2207 coram
663 2149 788 2228 parocho
807 2149 863 2208 loci
881 2150 909 2208 in
924 2168 983 2222 quo
1004 2160 1049 2208 est
1068 2160 1207 2210 monaste·

116 2251 201 2310 rium.

161 2355 228 2408 195.
252 2351 469 2409 Matrimonium
489 2370 546 2409 non
568 2352 642 2409 valet
653 2352 728 2413 clam
747 2359 920 2410 contractum
935 2352 965 2410 in
979 2351 1044 2409 loco
1064 2352 1111 2408 ubi
1136 2350 1207 2426 viget

119 2449 264 2508 decretum
278 2451 492 2518 Tridentinum,
507 2452 541 2508 ab
563 2453 598 2510 iis
619 2453 668 2524 qni
687 2452 724 2510 ibi
745 2452 841 2509 forsan
861 2461 1018 2517 versantur,
1033 2449 1206 2508 domicilium

119 2549 254 2608 habentes
266 2551 295 2607 in
309 2550 373 2608 loco
387 2551 434 2608 ubi
450 2569 506 2608 non
522 2552 615 2628 viget:
638 2571 703 2608 nam
717 2551 764 2608 lex
778 2551 834 2608 loci
848 2551 957 2607 obtinet
970 2550 998 2608 in
1010 2549 1205 2607 contractibus.

121 2650 177 2716 Qui
193 2652 221 2707 in
235 2649 362 2708 fraudem
384 2649 455 2726 legis
470 2661 605 2707 exeunte
618 2650 682 2707 loco
696 2651 724 2706 in
739 2669 796 2722 quo
816 2650 904 2725 viget,
920 2669 978 2707 non
992 2649 1089 2708 valent
1102 2656 1206 2705 contra·

121 2749 188 2807 here
204 2751 233 2806 in
255 2749 319 2806 loco
343 2749 416 2805 alio:
439 2767 522 2805 secus
545 2751 569 2807 si
591 2767 646 2806 non
668 2750 792 2806 exierint
813 2747 918 2805 srandis
938 2744 1088 2806 consilio.l
1129 2747 1207 2804 Licet

120 2857 212 2905 autem
236 2846 413 2905 domicilium
434 2857 552 2911 mutare.
568 2850 665 2906 animo
687 2847 725 2905 ibi
740 2846 922 2906 contrahendi
945 2846 1130 2914 matrimonii,
1145 2863 1205 2902 nam

115 2948 180 3024 jure
194 2965 247 3004 suo
271 2948 335 3019 quis
349 2948 444 3004 utitur.
480 2946 557 3003 Hinc
572 2948 603 3003 S.
620 2945 714 3023 Cong.
741 2946 938 3018 Inquisitionis
960 2946 994 3003 de
1017 2945 1173 3003 Catholicis
1192 2962 1206 2999 e

118 3045 243 3103 Canadae
265 3047 427 3122 regionibus
443 3047 477 3103 ad
498 3046 594 3103 Status
616 3045 779 3103 Foederatos
794 3064 825 3102 se
838 3045 1059 3113 conserentibus,
1075 3054 1106 3103 ut
1119 3045 1205 3119 legem

119 3144 317 3202 Tridentinam
338 3145 498 3213 evaderent,
518 3145 664 3221 respondit
688 3145 827 3220 episcopo
853 3143 1046 3212 Quebecensi,
1068 3145 1206 3201 matrimo-

121 3244 201 3300 nium
235 3244 269 3300 ab
293 3244 327 3300 iis
354 3246 382 3301 in
410 3244 488 3301 hisce
515 3245 671 3318 provinciis
695 3245 796 3302 initum
822 3261 918 3300 coram
945 3245 1109 3320 magistratu
1135 3240 1205 3299 civili

119 3348 137 3378 ‘⁶
149 3350 249 3407 ratum,
284 3342 309 3397 si
335 3343 473 3417 conjuges
508 3343 676 3400 transferant
708 3344 791 3400 etiam
824 3341 1022 3410 domicilium
1054 3343 1159 3400 irritum
1183 3339 1204 3395 si

118 3439 242 3513 primum
258 3437 434 3495 domicilium
450 3437 638 3498 retineant.''²

160 3540 227 3593 196.
250 3536 380 3593 Parocho
396 3537 557 3596 nullatenus
571 3540 640 3597 licet
652 3559 703 3597 sua
717 3541 868 3617 praesentia
881 3539 991 3598 sancire
1006 3542 1203 3617 conjugiaque

116 3635 197 3693 novit
208 3636 285 3694 irrita
305 3654 369 3693 esse
390 3637 499 3695 ratione
513 3639 722 3715 impedimenti,
737 3640 804 3697 licet
826 3640 941 3706 occulti,
957 3639 1116 3697 dummodo
1136 3639 1204 3696 illius

115 3737 214 3793 notitia
227 3755 264 3794 ex
278 3737 460 3800 confessione
474 3757 532 3796 non
546 3738 706 3797 derivetur:
730 3758 794 3796 nam
809 3757 925 3815 operam
940 3747 969 3795 et
988 3738 1115 3796 savorem
1129 3739 1204 3814 plane

114 3844 261 3909 prestaret
275 3836 315 3893 rei
328 3836 419 3903 maloe,
434 3837 510 3894 haud
530 3838 592 3896 sinc
617 3826 786 3896 sacramenti
807 3838 991 3905 matrimonii,
1007 3837 1084 3910 qnod
1105 3847 1205 3894 contra·

115 3930 216 3990 hentes
230 3935 332 3992 frustra
346 3944 484 3995 attentant
498 3938 653 4014 suscipere,
668 3937 781 4013 injuria.
815 3937 898 3995 Licet
912 3947 1004 3995 tamen
1014 3935 1165 4010 aliquando
1174 3933 1204 3992 ob

117 4031 211 4106 majus
226 4033 332 4091 malurn
349 4035 495 4094 vitandum
511 4037 620 4094 adstare
635 4037 727 4094 valide
741 4036 974 4094 contrahentibus
988 4036 1018 4093 in
1033 4046 1159 4113 peccato.

156 4131 224 4189 197.
246 4132 432 4191 Matrimonia
453 4135 657 4195 catholicorum
677 4154 770 4194 coram
792 4136 956 4213 magistratu
977 4135 1065 4204 civili,
1080 4134 1126 4192 vel
1142 4149 1203 4210 pra·

147 4343 190 4414 (¹)
210 4343 250 4399 ΕΞ
262 4345 321 4403 decl·
333 4349 360 4399 S.
372 4349 401 4400 0.
415 4351 454 4406 dte
469 4355 500 4400 14
512 4355 620 4421 Augusti
636 4357 708 4410 rost.
833 4357 877 4422 (a)
897 4355 959 4405 nst.
974 4357 1005 4405 rr
1016 4354 1083 4405 Nov.
1099 4355 1168 4405 raas.
