2640 4860
188 352 245 409 lss
512 341 570 403 Dr:
590 341 942 403 snrlssnc‘rtoltss.

184 531 261 579 unm,
275 530 338 584 quoe
351 511 402 570 uni
416 519 533 587 peccate
547 509 676 578 debetur,
689 510 823 587 injungit,
838 529 874 569 ne
888 510 1020 569 infirmus
1034 510 1141 584 aliquis
1153 529 1189 569 ex
1201 530 1264 589 mag·

184 611 314 673 nitudine
328 629 419 686 poenre
433 610 576 685 desperet,
590 620 618 667 et
631 629 648 667 a
662 610 828 685 penitentia
841 611 963 668 totaliter
977 607 1141 669 recedat.”¹
1238 674 1241 679 ,

225 715 292 768 100.
314 710 349 768 ln
363 728 448 786 poena
460 707 638 787 injungenda
650 707 784 766 sacerdes
795 708 879 767 debet
891 710 1044 769 criminum
1060 709 1166 770 habere
1175 711 1263 768 ration·

185 829 248 876 em;
275 828 329 867 nec
349 819 443 866 minen
468 827 588 867 necesse
614 817 658 865 est
682 817 713 865 ut
738 809 851 885 singula
872 810 1010 866 memoria
1031 819 1136 876 teneat,
1157 827 1218 867 nam
1236 828 1265 867 ex

182 910 309 986 generali
334 908 456 981 quadam
475 908 657 967 conscientie
682 908 790 975 notitia,
819 917 885 984 post
909 909 1023 984 singula
1049 909 1105 966 sibi
1131 907 1264 976 declarata,

178 1008 309 1086 judicare
322 1009 426 1085 poterit
438 1007 506 1080 quid
520 1005 728 1085 injungendum
749 1007 786 1063 sit
798 1007 827 1064 in
840 1007 990 1065 criminum
1011 1008 1215 1084 expiationem,
1227 1007 1265 1065 vel

184 1109 214 1165 in
228 1109 330 1166 animae
341 1107 508 1165 remedium.
551 1107 622 1174 Quae
632 1106 714 1183 jubet
727 1105 857 1164 facienda
870 1105 905 1163 ad
914 1106 1071 1183 jejunium,
1085 1125 1138 1165 seu
1151 1107 1265 1183 corporis

184 1207 407 1273 afflictationem,
434 1207 650 1282 eleemosynam
670 1215 698 1261 et
723 1207 881 1263 orationem
901 1205 1090 1264 reducuntur:
1119 1206 1151 1264 in
1175 1206 1267 1278 quibus

182 1307 363 1385 singularitas
376 1305 507 1364 evitanda
519 1316 572 1372 est,
592 1314 622 1362 et
640 1303 780 1378 quidquid
798 1304 845 1362 vel
863 1305 1024 1381 poenitenti,
1038 1306 1084 1363 vel
1098 1305 1173 1374 aliis,
1186 1305 1268 1382 possit

185 1408 310 1467 incutere
325 1406 482 1463 horrorem.

226 1509 293 1564 100.
316 1506 388 1562 Ante
401 1504 605 1562 absolutionem
620 1501 794 1579 imponenda
804 1512 848 1559 est
859 1503 1037 1579 poenitentia,
1049 1522 1140 1576 quum
1149 1514 1268 1580 oporteat

183 1625 246 1664 eam
258 1605 408 1680 acceptari,
420 1613 450 1661 ut
459 1602 648 1661 confessarius
660 1609 837 1679 peccatorem
849 1604 932 1661 venia
941 1602 1062 1680 dignum
1073 1621 1139 1661 esse
1149 1602 1266 1680 judicet:

183 1704 233 1761 sed
247 1703 355 1762 ordinis
368 1704 492 1761 inversio
514 1721 572 1761 non
592 1711 636 1759 est
654 1702 757 1778 gravis.
799 1701 832 1758 Si
854 1700 957 1760 oblitus
977 1701 1065 1761 fuerit
1083 1703 1267 1761 confessarius

183 1803 381 1880 poenitentiam
408 1803 555 1879 imponere
588 1801 744 1868 confitenti,
771 1799 856 1859 debet
881 1810 948 1876 post
972 1801 1187 1862 absolutionem
1213 1820 1267 1860 eam

184 1903 343 1980 injungere,
358 1921 415 1961 non
430 1914 523 1960 tamen
538 1910 618 1959 extra
631 1901 760 1967 tribuual,
775 1918 862 1972 quum
876 1900 914 1958 sit
926 1911 1007 1958 actus
1016 1899 1178 1979 judicialis.

226 2007 292 2062 107.
314 2003 386 2068 Qua
400 2002 469 2058 elias
483 2010 625 2077 praecepta
637 2008 713 2067 sunt,
734 1999 780 2057 vel
800 1997 948 2067 debentur,
968 2009 1090 2075 possunt
1103 2020 1120 2058 a
1132 2000 1268 2059 confessa·

185 2102 237 2167 rio,
260 2101 432 2176 penitentia
459 2101 547 2157 instar
562 2098 675 2175 juberi:
703 2117 739 2155 v:
761 2115 796 2173 g:
821 2106 853 2155 ut
872 2109 992 2172 quatuor
1004 2100 1072 2158 anni
1087 2100 1269 2177 temporibus,

182 2197 283 2256 diebus
300 2197 422 2264 statutis,
439 2198 561 2275 jejunet,
582 2196 628 2252 vel
652 2207 682 2254 ut
701 2196 796 2254 audiat
809 2197 931 2255 Missam
945 2197 991 2255 die
1004 2198 1097 2257 festo:
1120 2218 1179 2273 quo
1193 2209 1269 2276 pacto

181 2296 315 2374 ligabitur
335 2295 474 2371 poenitens
488 2295 551 2371 lege
564 2295 688 2371 generali
711 2305 740 2353 et
759 2306 912 2373 precepto,
934 2295 1005 2355 adeo
1019 2307 1051 2357 ut
1062 2308 1165 2375 peccet
1177 2308 1269 2357 contra

181 2406 331 2466 utrumque
353 2411 415 2451 rem
436 2393 601 2452 omittendo.
643 2395 681 2451 At
709 2395 878 2471 plerumque
898 2396 1074 2473 injungenda
1096 2407 1165 2455 suut
1187 2415 1270 2474 opera

181 2494 253 2554 alibs
266 2477 325 2552 uon
338 2493 446 2550 debita:
468 2502 640 2570 quapropter
660 2495 716 2552 nisi
738 2493 931 2552 confessarius
952 2506 1077 2553 mentem
1102 2516 1184 2555 suam
1199 2497 1269 2555 clare

181 2596 315 2672 explicet,
330 2604 461 2651 censetur
475 2612 538 2667 qua
552 2592 641 2650 libera
654 2604 720 2650 sunt
733 2594 905 2670 injunxisse.
940 2594 972 2651 Si
987 2595 1114 2667 quotidie
1129 2615 1182 2672 per
1195 2614 1269 2655 men·

180 2714 242 2753 sem
257 2695 379 2753 Missam
394 2693 561 2751 audiendam
584 2693 713 2770 jusserit,
734 2711 793 2750 non
813 2694 866 2750 erit
887 2711 1006 2751 neeesse
1027 2695 1057 2751 in
1080 2695 1183 2753 diebus
1204 2713 1269 2772 prae·

181 2795 256 2870 cepti
276 2813 357 2851 sacro
384 2793 427 2849 bis
448 2792 567 2859 adstare,
594 2812 660 2851 nam
681 2791 742 2850 dies
767 2791 870 2849 liberas
890 2802 993 2868 praeter
1012 2792 1084 2851 festa
1105 2794 1268 2872 designasse

181 2893 342 2953 videbitur:
364 2910 448 2950 secus
462 2893 487 2949 si
496 2892 615 2969 jusserit
627 2891 748 2949 Missam
763 2890 859 2949 audire
873 2891 919 2949 die
933 2891 1021 2958 festo;
1043 2893 1100 2950 nisi
1113 2895 1192 2953 enim
1206 2913 1269 2953 con·

182 3004 238 3051 stet
263 3013 329 3051 eum
356 3003 527 3069 praeeeptum
554 2991 694 3049 Ecclesia
721 2990 844 3048 voluisse
864 3010 939 3049 novo
960 3001 1103 3068 praecepto
1118 2994 1267 3059 inculcare,

181 3093 342 3152 censebitur
355 3091 470 3149 alteram
486 3091 609 3148 Missam
624 3090 784 3168 injunxisse
797 3089 977 3149 audiendam.

223 3196 289 3248 108.
313 3190 484 3248 Poenitentia
493 3188 617 3266 publice
637 3190 674 3247 ob
694 3199 810 3264 peccata
829 3190 940 3248 occulta
952 3207 1109 3261 numquam
1123 3200 1168 3248 est
1181 3191 1268 3268 iujun-

178 3289 288 3364 genda3
313 3305 366 3344 nee
386 3289 463 3345 enim
490 3297 602 3363 oportet
629 3288 734 3359 cuique
760 3307 833 3346 onus
860 3308 892 3346 se
918 3288 1074 3346 infamandi
1102 3291 1266 3367 imponere:

178 3387 265 3444 “Pro
280 3385 404 3462 peccatis
414 3385 532 3443 occultis
544 3388 727 3458 quantumvis
738 3389 873 3465 gravibus
884 3388 1061 3446 manifestam
1072 3391 1265 3466 poenitentiam

178 3504 236 3543 non
262 3483 444 3559 imponant,”
474 3481 684 3571 (confessarii):
719 3488 758 3544 ait
783 3487 895 3546 Rituale
921 3488 1097 3547 Romanum.
1147 3489 1267 3547 Peccata

176 3595 270 3644 autem
284 3582 398 3661 publica
412 3583 632 3642 satisfactionem
647 3585 790 3660 publicam
804 3588 956 3663 postulant,
973 3595 992 3622 “
1004 3596 1035 3645 ut
1045 3606 1118 3659 quos
1132 3588 1265 3664 exemplo

175 3705 227 3744 suo
241 3685 276 3743 ad
290 3682 379 3743 malos
394 3701 488 3742 mores
501 3684 667 3760 provocavit
692 3685 872 3763 (peccator),
887 3674 953 3745 'suae
968 3685 1177 3746 emendationis
1192 3687 1265 3746 testi-

176 3787 274 3845 monio
288 3785 324 3843 ad
337 3793 441 3842 rectam
456 3795 570 3843 revocet
581 3780 720 3843 vitam.’‘²
758 3786 798 3844 At
820 3786 898 3844 solus
918 3787 1072 3863 episcopus
1086 3787 1192 3864 poterit
1204 3804 1264 3845 eam

175 3886 371 3962 poenitentiam
385 3885 536 3962 injungere
557 3905 619 3959 quae
642 3885 755 3961 publica
768 3897 956 3961 nuncupatur,
981 3885 1058 3958 quod
1078 3887 1189 3944 scilieet
1201 3885 1262 3959 quis

172 3987 335 4061 penitentis
347 3993 425 4042 veste
439 3985 553 4044 indutus
564 3985 598 4044 ad
611 3985 686 4042 sores
697 3984 826 4042 ecelesiae
840 4003 871 4042 se
882 3985 971 4054 sistat,
986 4003 1101 4044 cereum
1115 4001 1264 4045 accensum

174 4100 232 4157 prae
247 4086 379 4143 manibus
392 4085 504 4144 ferens:
528 4087 587 4144 imo
600 4104 653 4143 nec
667 4085 801 4162 prasenti
814 4083 973 4162 discipline
994 4084 1135 4162 congruit,
1149 4095 1181 4144 ut
1194 4083 1264 4162 epis·

438 4247 481 4312 (l)
501 4246 588 4309 Suppl.
596 4246 630 4296 iii.
641 4262 666 4310 p.
677 4263 717 4309 qu.
729 4246 796 4295 xviii.
808 4251 852 4295 art.
863 4245 895 4294 iv.
930 4244 1005 4313 Resp.

436 4330 478 4394 (2)
498 4329 576 4378 Oeno.
587 4329 654 4378 Trid.
667 4329 732 4379 Seu.
743 4329 811 4379 xxiv.
822 4345 875 4394 cap.
886 4329 935 4378 viii.
