2640 4860
110 388 169 445 2⁰2
472 379 529 439 DE
551 377 849 439 SPONSALIBUS.

105 552 165 627 jam
186 557 332 623 nequeunt
352 547 475 623 impleri.
518 545 621 605 Utrum
645 557 740 604 autern
761 546 847 604 liceat
869 545 947 604 hunc
968 564 1077 622 ponere
1097 548 1193 606 obicem

113 647 303 724 disceptatur:
326 645 377 704 sed
392 647 503 718 quoties
518 645 595 703 nulla
615 664 729 722 sponsae
749 645 854 722 injuria
874 645 953 703 illata
973 658 1029 714 est,
1043 646 1196 720 nullumque

116 747 198 804 lamae
222 746 422 803 detrimentum
449 746 590 813 imminet,
616 744 726 802 videtur
751 744 837 802 licere
864 744 964 803 divino
990 763 1024 802 se
1048 748 1197 822 mancipare

114 846 213 912 cultui,
229 863 317 918 quum
329 845 389 902 hac
403 844 529 902 conditio
544 844 728 921 promissioni
742 842 817 901 haud
838 853 988 920 repugnet.
1033 845 1061 903 E
1076 855 1169 904 contra
1179 847 1198 902 si

113 944 250 1003 damnum
265 963 379 1020 sponsae
393 944 497 1020 injuste
512 945 619 1001 illatum
633 944 679 1009 sit,
695 942 770 1015 qnod
785 943 900 1000 nonnisi
911 943 1020 1019 nuptiis
1034 944 1112 1002 initis
1126 956 1199 1018 queat

113 1046 248 1121 reparari,
264 1062 321 1102 non
333 1044 398 1101 licet
410 1042 524 1100 ordines
538 1060 635 1100 sacros
645 1043 802 1117 suscipere,
813 1041 870 1099 fide
879 1042 1061 1119 sponsalium
1073 1043 1197 1120 neglecta.

113 1143 191 1201 Voto
211 1142 326 1201 ordines
346 1140 532 1219 suscipiendi,
554 1141 598 1199 vel
618 1141 751 1199 servandi
774 1142 932 1199 castitatem
955 1142 1032 1199 solvi
1054 1144 1198 1220 sponsalia,

113 1243 206 1315 quoad
231 1250 392 1308 voventem,
407 1251 504 1299 tenent
523 1240 630 1316 plures,
644 1243 670 1298 si
688 1239 772 1298 luerit
795 1241 869 1298 bona
895 1240 952 1297 fide
975 1242 1135 1300 emissum:
1156 1242 1199 1299 sed

116 1341 273 1399 cavendum
289 1360 324 1398 ne
337 1341 387 1397 fiat
399 1359 463 1398 curn
485 1339 599 1397 alterius
614 1340 726 1417 injuria.
756 1340 789 1396 Si
803 1359 865 1398 earn
881 1339 1020 1416 deinceps
1034 1343 1199 1419 cognoverit,

115 1440 199 1498 debet
211 1442 329 1499 omnino
342 1440 553 1497 matrimonium
574 1440 656 1507 inire,
671 1438 705 1496 ad
728 1438 913 1515 reparandam
934 1440 1082 1516 injuriam,
1097 1442 1200 1518 dispen-

117 1541 227 1598 satione
239 1560 254 1596 a
267 1550 333 1598 voto
347 1539 426 1615 prins
440 1539 598 1615 impetrata.

155 1642 205 1696 26.
231 1638 374 1708 Qualibet
387 1636 531 1696 sectabilis
545 1637 675 1696 mactatio
691 1647 784 1713 potest
797 1655 862 1695 esse
875 1656 963 1694 causa
972 1638 1055 1714 justa
1067 1641 1202 1716 sponsalia

113 1737 308 1806 rescindendi,
324 1739 433 1796 scilicet
453 1738 564 1809 quoties
588 1737 741 1814 prudenter
750 1737 895 1813 judicatur
908 1755 1085 1798 consensum
1099 1740 1201 1798 adeam

115 1855 209 1895 rerum
224 1837 418 1896 conditionem
433 1856 491 1895 non
505 1835 631 1894 extendi.
673 1837 723 1893 Sic
744 1835 779 1893 de
801 1836 986 1912 sponsalibus
1007 1839 1095 1896 etiarn
1109 1839 1202 1918 juratis

116 1934 244 1995 decisum
268 1947 312 1993 est
331 1939 365 1995 ab
387 1936 556 1995 Innocentio
576 1934 650 1993 llI.:
674 1945 693 1970 ·‘
703 1935 737 1993 Si
758 1946 824 2011 post
836 1935 1007 2011 hujusmodi
1016 1938 1203 2015 juramentum

115 2036 219 2093 mulier
232 2035 311 2092 fieret
323 2055 381 2094 non
395 2034 488 2093 solum
502 2034 624 2111 leprosa,
640 2034 790 2093 sedetiam
804 2035 970 2110 paralytica,
983 2037 1029 2094 vel
1044 2038 1152 2106 oculos,
1163 2037 1202 2095 vel

117 2152 218 2191 nasum
233 2135 379 2200 amitteret,
392 2133 437 2189 vel
451 2135 603 2206 quicquam
615 2135 642 2191 ei
656 2134 766 2210 turpius
779 2135 916 2202 eveniret,
930 2137 1064 2208 nunquid
1079 2140 1121 2195 vir
1134 2148 1201 2194 tene·

116 2242 192 2288 retur
204 2249 268 2288 earn
282 2231 383 2288 ducere
397 2231 425 2288 in
439 2228 608 2288 uxorem.''¹
649 2231 729 2291 Idem
750 2231 904 2292 dicendum
918 2233 1032 2292 videtur
1042 2235 1079 2293 de
1092 2255 1202 2313 pauper-

116 2338 181 2396 tate,
206 2329 333 2395 infamia,
357 2329 529 2387 familiarum
552 2331 722 2399 inimicitiis,
742 2350 856 2408 sponsae
876 2332 962 2391 etiarn
986 2334 1084 2393 inuitae
1101 2337 1135 2394 ab
1154 2335 1202 2392 alio

115 2427 280 2495 violatione,
304 2427 386 2504 lapsu
408 2428 508 2505 sponsi
529 2429 558 2486 in
579 2429 722 2498 haeresim,
745 2449 856 2489 morum
876 2433 1072 2510 corruptione,
1092 2435 1136 2492 vel
1156 2435 1204 2492 alia

117 2528 286 2604 gravissima
298 2546 391 2585 rerum
406 2529 572 2586 mutatione.
616 2530 687 2594 Quae
701 2529 857 2605 spopondit
877 2549 908 2587 se
923 2541 1078 2608 nupturam
1101 2534 1203 2591 homini

117 2629 279 2686 sobrietatis
292 2637 321 2685 et
334 2627 452 2684 aliarum
467 2628 600 2685 virtutum
614 2627 698 2684 laude
713 2629 828 2704 insigni,
848 2647 906 2687 nou
918 2639 1029 2689 tenetur
1043 2632 1079 2689 ad
1092 2633 1203 2708 implen-

118 2727 184 2785 dam
198 2728 431 2804 promissionem,
446 2727 508 2802 ipso
525 2728 586 2803 jam
608 2727 688 2804 potui
702 2727 792 2785 nimio
811 2737 840 2784 et
861 2728 938 2787 vitiis
953 2730 1017 2788 aliis
1033 2731 1202 2808 indulgente.

117 2827 166 2884 Sic
181 2838 209 2884 et
222 2846 284 2899 quae
298 2827 421 2884 latebant
435 2827 511 2895 vitia,
533 2826 558 2883 si
581 2824 755 2902 detegantur,
777 2826 823 2884 vel
836 2824 944 2896 dotum,
960 2848 1024 2901 quae
1039 2830 1113 2888 falso
1121 2833 1203 2908 jacta·

117 2925 227 2994 bantur,
243 2927 379 2993 absentia,
401 2944 515 2983 causam
537 2925 683 2983 resiliendi
703 2926 839 3000 prebent.
882 2927 916 2983 Si
929 2947 1038 3003 sponsa
1052 2931 1202 3006 reperiatur

115 3023 205 3082 fuisse
214 3027 275 3101 jam
290 3026 395 3092 vitiata,
417 3025 516 3097 nequit
535 3024 709 3100 sponsalium
732 3024 928 3101 impletionem
943 3047 1063 3104 urgere:
1086 3031 1111 3086 si
1124 3048 1202 3105 spon-

115 3142 164 3180 sus
179 3124 292 3182 fraudes
307 3134 433 3200 patrasse
447 3125 603 3201 detegatur,
622 3143 681 3182 non
704 3134 799 3201 potest
817 3144 954 3201 sponsam
980 3128 1036 3185 sibi
1049 3129 1199 3187 vindicare.

115 3221 147 3278 Si
161 3222 279 3279 divitem
292 3223 453 3282 nobilemve
467 3243 498 3281 se
512 3222 584 3281 saled
593 3225 753 3300 jactaverit,
769 3224 878 3282 nullum
895 3226 944 3301 jus
959 3245 997 3283 ex
1011 3229 1199 3304 sponsalibus,

114 3337 177 3391 quae
198 3310 353 3377 mendaciis
374 3324 437 3398 ejus
460 3323 630 3390 nitebantur,
651 3325 754 3398 poterit
766 3343 942 3400 comparare.
986 3326 1075 3393 Quod
1090 3330 1114 3385 si
1128 3329 1201 3385 alter·

113 3417 202 3474 utrius
217 3419 333 3475 mutatio
347 3421 499 3495 contingat,
515 3420 621 3477 divitiis
636 3423 681 3479 vel
694 3423 849 3481 honoribus
863 3425 955 3481 subito
969 3426 1130 3498 acquisitis,
1143 3445 1200 3484 esse

112 3516 215 3591 poterit
228 3535 313 3574 causa
326 3536 377 3574 cur
389 3518 533 3593 sponsalia
553 3521 758 3589 rescindantur,
784 3524 899 3595 quando
913 3524 1024 3581 scilicet
1037 3527 1129 3584 videri
1142 3543 1201 3602 pos·

112 3625 156 3673 set
173 3616 206 3674 ad
229 3616 348 3694 gradum
371 3616 499 3675 altiorem
520 3627 645 3676 evectus.
688 3622 874 3680 Farniliarum
895 3624 980 3680 etiam
1001 3624 1123 3683 dissidia
1141 3634 1200 3701 post

112 3719 257 3794 sponsalia
271 3727 331 3775 orta
344 3727 476 3795 poterunt
489 3720 613 3794 praebere
628 3721 809 3780 occasionem
825 3740 858 3778 ea
872 3722 1064 3781 rescindendi.

152 3824 202 3877 27.
225 3819 398 3892 Plerumque
424 3819 555 3895 praesulis
578 3821 727 3878 auctoritas
749 3821 926 3896 imploranda
953 3830 1006 3890 est,
1028 3824 1144 3895 quando
1168 3822 1200 3880 de

113 3919 295 3991 sponsalibus
321 3919 432 3993 publice
458 3919 534 3976 initis
561 3919 705 3978 solvendis
730 3921 830 3997 agitur,
858 3939 894 3977 ne
921 3921 1045 3980 offensio
1071 3922 1199 3980 fidelibus

112 4029 261 4076 nascatur:
288 4021 348 4077 imo
368 4027 396 4077 et
417 4019 564 4095 implorari
589 4020 694 4097 poterit
719 4020 919 4096 aparentibus
947 4021 981 4078 ad
1004 4019 1199 4097 impediendas

45 4160 51 4177 ,
111 4116 224 4190 nuptias
238 4136 274 4174 ex
298 4118 401 4188 quibus
414 4137 500 4196 grave
520 4117 643 4176 dedecus
666 4119 782 4177 familiae
805 4120 943 4178 oriturum
957 4121 1004 4178 sit.
1046 4120 1135 4198 Apud
1147 4136 1198 4178 nos

445 4329 487 4393 (1)
508 4326 864 4396 Cap.rxv.dejurej1srando.
942 4344 947 4353 '
