2640 4860
368 368 425 428 DE
447 367 631 429 MUNERE
653 367 942 430 connnsssun.
1023 428 1035 439 ‚
1141 375 1202 432 227

112 537 148 595 ad
162 535 368 604 confitendum,
382 545 411 594 et
420 535 556 613 deinceps
566 554 628 594 eam
643 536 775 595 solicitat.
817 536 850 594 si
864 544 1001 613 praetcxtu
1012 535 1202 597 consessionis

113 634 248 693 sacerdos
263 643 292 692 et
304 635 400 711 puella
420 654 457 693 ex
470 635 601 694 condicto
615 643 759 694 uterentur
778 634 812 693 ad
836 653 954 711 pravum
969 637 1121 695 consilium
1135 655 1202 695 exe·

113 732 273 807 quendum,
287 753 346 793 non
359 733 424 793 ideo
437 744 600 793 censeretur
619 733 667 792 ille
681 735 710 792 in
724 734 914 802 confessione,
929 735 975 792 vel
988 737 1050 812 ejus
1065 744 1202 812 praetsxtu

112 834 284 891 solicitasse.
326 833 359 890 δί
379 843 474 892 autem
495 834 542 891 ille
563 834 738 910 suggesserit
759 833 786 890 ei
805 834 935 890 renuenti
947 834 984 890 ob
998 835 1079 893 famae
1093 835 1202 909 pericu·

111 932 184 998 lum,
199 943 231 989 ut
253 951 320 990 eum
333 941 471 1008 praetextu
492 933 681 991 confessionis
702 940 869 1000 accerseret,
897 931 1104 991 denuntiandus
1119 933 1200 1002 foret,

113 1032 221 1108 quippe
235 1032 285 1104 qui
297 1050 397 1089 revera
411 1041 548 1108 pretextu
562 1031 751 1091 consessionis
765 1029 940 1089 solicitavit.¹
1193 1110 1196 1115 1

152 1133 225 1187 240.
253 1128 363 1189 Etiam
389 1137 475 1189 ostra
501 1131 686 1190 occasionem
706 1128 905 1211 consessionis
932 1129 965 1188 in
991 1127 1204 1211 confessionoli

112 1229 262 1286 solicitans
276 1228 484 1287 denuntiandus
504 1241 557 1287 est.
600 1230 650 1287 Sic
662 1229 796 1288 sacerdos
810 1231 840 1288 in
854 1229 984 1287 tribunali
997 1229 1100 1287 sedens
1113 1230 1204 1305 poeni·

114 1338 206 1385 tentes
220 1338 402 1404 excepturus,
417 1329 520 1387 sicum
536 1328 654 1387 muliere
668 1328 703 1387 ad
722 1328 793 1386 illud
808 1327 958 1386 accedente
972 1329 1067 1387 minus
1081 1329 1201 1387 honeste

113 1436 185 1504 agat,
201 1427 248 1484 vel
260 1429 402 1499 loquatur,
417 1428 547 1500 quamvis
561 1429 655 1486 omnis
668 1429 742 1486 absit
753 1437 906 1504 praetextus
917 1427 1081 1496 confitendi,
1096 1428 1203 1486 denun-

113 1525 226 1584 tiandus
241 1522 319 1584 cst:2
338 1545 422 1602 porro
442 1527 653 1585 confessionale
674 1527 840 1604 intelligitur
859 1528 941 1585 sedes
955 1527 1022 1595 fixa,
1038 1547 1100 1601 quae
1115 1528 1144 1585 in
1158 1545 1203 1585 ec·

111 1625 201 1682 clesia
214 1627 341 1702 erigitur,
356 1644 419 1697 quie
431 1626 517 1684 habet
529 1626 664 1684 laminam
678 1627 797 1685 ferream
818 1645 883 1684 oum
898 1627 990 1701 parvis
1004 1625 1201 1695 foraminibus,

112 1727 153 1782 uti
167 1724 223 1783 sert
235 1725 324 1783 Italiae
338 1743 419 1794 usus,
434 1724 508 1802 apud
519 1745 572 1783 nos
586 1726 753 1801 plerumque
767 1725 872 1783 lamina
886 1726 1002 1793 omissa,
1015 1726 1065 1784 sed
1079 1726 1202 1785 cratibus

112 1825 269 1901 interjectis
282 1825 398 1902 ligneis.
440 1824 500 1882 Sed
521 1825 577 1882 alia
599 1843 786 1897 quacumque
807 1823 890 1882 sedes
912 1823 971 1881 fixa
991 1824 1026 1882 ad
1047 1824 1202 1883 audiendas

111 1923 308 1982 confessiones
322 1933 456 2000 usurpata
468 1923 684 1982 confessionalis
698 1924 814 1982 nomine
828 1924 915 1981 venit.

150 2027 224 2080 241.
247 2031 266 2058 “
276 2022 311 2081 ln
324 2023 380 2081 alio
393 2024 458 2082 loco
472 2021 507 2082 ad
521 2023 720 2082 confessiones
734 2022 890 2081 audiendas
905 2021 1067 2081 destinato'’
1090 2024 1114 2081 si
1134 2022 1202 2080 soli·

112 2123 209 2180 citatis
220 2122 279 2190 fiat,
293 2122 467 2181 denuntiatio
481 2123 612 2181 facienda
624 2124 685 2181 erit.
714 2122 765 2180 Sic
778 2140 1003 2195 nonnumquam,
1018 2122 1095 2195 quod
1109 2132 1203 2182 tamen

111 2220 323 2280 emendandum
337 2231 381 2280 est
393 2232 583 2299 quantocyus,
598 2222 749 2280 audiuntur
762 2222 958 2281 confessiones
969 2222 998 2280 in
1012 2222 1080 2280 sede
1093 2222 1202 2290 mobili,

110 2321 139 2378 in
153 2320 283 2378 sacristia
303 2323 408 2398 posita,
430 2322 480 2379 ubi
500 2322 525 2378 si
546 2322 615 2394 quid
635 2321 829 2382 admitteretur
847 2340 882 2380 ca
901 2322 1061 2391 occasione,
1075 2341 1141 2380 reus
1154 2320 1203 2379 de·

112 2418 286 2479 nuntiandus
310 2420 391 2479 soret.
433 2420 529 2479 Locus
543 2421 655 2498 eligitur
668 2421 703 2478 ad
718 2421 871 2479 audiendas
885 2419 1092 2489 consessiones,
1116 2439 1152 2478 v:
1166 2441 1202 2498 g:

111 2518 274 2578 cubiculum
288 2538 362 2586 rure,
383 2520 452 2577 dum
473 2519 590 2578 habetur
609 2521 704 2588 statio,
722 2519 771 2576 ubi
795 2519 873 2577 nulla
892 2527 936 2576 cst
948 2519 1081 2577 ecclesia.
1123 2518 1156 2575 si
1169 2537 1204 2577 ca

111 2618 263 2677 occasione
277 2617 429 2692 deliquerit
441 2619 583 2687 sacerdos,
605 2618 704 2677 eadem
727 2619 854 2690 sequitur
873 2617 1056 2675 denuntiandi
1077 2618 1204 2676 necessi·

110 2729 163 2776 tas.
207 2716 352 2776 Caeterum
365 2718 413 2776 ubi
427 2718 507 2776 locus
520 2719 562 2776 sic
576 2737 628 2794 pro
642 2718 753 2775 arbitrio
773 2717 881 2774 electus
894 2723 948 2782 est,
969 2715 1112 2774 simulatio
1126 2715 1204 2774 audi·

111 2815 179 2875 endi
194 2815 300 2875 ibidem
314 2816 526 2875 confessionem
540 2818 701 2890 requiritur,
714 2827 747 2874 ut
759 2815 807 2872 illa
820 2816 857 2873 sit
869 2813 1021 2890 obligatio:
1043 2815 1068 2871 si
1081 2816 1159 2872 enirn
1172 2815 1203 2873 in

110 2914 279 2993 hujusmodi
293 2915 425 2975 cubiculo
439 2917 502 2988 quis
517 2935 582 2974 cum
603 2914 698 2992 puella
710 2915 806 2972 minus
819 2913 923 2989 pudice
937 2923 1072 2979 versetur,
1087 2912 1202 2985 quando

110 3016 206 3075 omnis
221 3016 301 3073 abest
314 3015 503 3074 confessionis
515 3024 677 3091 praetextus,
699 3015 809 3072 crimen
821 3031 880 3070 uon
893 3021 946 3080 est,
961 3013 989 3071 vi
1002 3013 1079 3069 illius
1099 3013 1203 3070 consti·

111 3114 241 3183 tutionis,
256 3116 418 3173 necessario
431 3113 629 3173 deserendum.

151 3217 223 3272 242.
245 3214 369 3272 Etiamsi
385 3214 479 3273 omnis
500 3214 572 3271 absit
594 3213 711 3272 intentio
730 3212 851 3288 copulae,
873 3210 1025 3283 omnisque
1039 3219 1135 3288 gestus
1150 3211 1202 3268 im·

110 3314 244 3390 pudicus,
260 3314 285 3370 si
300 3322 394 3372 tamen
417 3312 561 3370 “illicitos
582 3322 610 3371 et
629 3313 796 3371 inhonestos
817 3328 975 3377 sermones,
989 3310 1035 3368 vel
1050 3309 1201 3368 tractatus'’

111 3412 262 3472 habuerint
275 3412 442 3472 confessarii
469 3430 535 3470 curn
555 3413 766 3488 poenitentibus,
788 3409 974 3469 denuntiandi
996 3420 1071 3469 sunt.
1113 3410 1204 3483 Equi·

111 3511 179 3570 dem
192 3512 338 3584 colloquia
360 3531 446 3588 prava
466 3512 569 3584 quibus
592 3530 686 3570 mores
707 3511 790 3569 facile
811 3511 954 3576 vitiantur,
976 3520 1042 3568 sunt
1053 3509 1203 3586 sacrilegia

111 3611 258 3678 immania,
273 3612 383 3683 quoties
396 3611 426 3669 in
440 3611 582 3678 tribunali,
597 3611 708 3688 pietatis
723 3610 807 3668 veluti
822 3612 929 3686 specie,
941 3608 1035 3667 habita
1049 3609 1162 3667 fuerint.

151 3713 222 3768 243.
251 3710 447 3783 Quacumque
470 3728 593 3785 persona
614 3711 752 3768 solicitata
772 3709 865 3775 fuerit,
886 3708 971 3764 etiam
984 3706 1138 3772 masculus,
1154 3704 1203 3762 de·

110 3810 241 3867 nuntiare
262 3809 346 3867 debet
365 3800 608 3868 confessariumz³
633 3817 806 3885 quapropter
825 3808 850 3864 si
876 3823 995 3880 puerum
1018 3804 1201 3862 confitentem

110 3908 256 3985 impudice
271 3909 403 3986 tetigerit,
418 3907 593 3967 denuntiatio
607 3907 768 3965 necessario
782 3902 912 3963 facienda
921 3912 975 3960 cst.
1017 3902 1049 3959 Si
1063 3900 1158 3983 puella
1171 3902 1202 3960 in

144 4144 188 4209 (1)
208 4141 235 4189 S.
247 4141 322 4206 Alph.
333 4142 349 4191 l.
360 4141 393 4191 vi.
403 4158 429 4192 n.
441 4143 498 4191 679.
734 4138 777 4202 (2)
796 4135 929 4193 Ibidem,n.
942 4134 999 4182 680.

144 4229 188 4293 (3)
210 4226 272 4275 Vide
283 4226 378 4276 decreta
389 4243 404 4276 a
415 4225 547 4278 Laurentio
560 4225 640 4275 Oozza
651 4223 725 4272 relata
736 4221 800 4285 opud
819 4217 962 4283 Philippum
979 4217 1018 4268 De
1031 4216 1203 4280 Carbouearro,

106 4313 175 4378 App·
186 4311 216 4363 dc
228 4311 322 4364 Solicit.
