2640 4860
131 374 189 431 llb
418 367 476 427 DE
498 363 621 426 MODO
642 364 929 426 OELEBRANDI.

130 537 291 596 omittatur:
314 533 352 590 ita
370 534 449 592 enim
463 534 599 610 precepit
619 533 652 590 S.
667 532 739 592 Pius
752 533 791 591 V.
833 531 1001 591 Concilium
1022 531 1217 591 Tridentinuru

130 652 246 709 quoque
266 633 392 709 injunxit
410 632 555 717 episcopis
575 632 733 691 curandum
752 651 788 691 ne
802 631 964 690 sacerdotes
978 632 1025 690 vel
1037 639 1057 668 ‘⁴
1068 632 1139 691 ritus
1153 632 1215 690 alios

131 742 179 793 aut
191 732 259 790 alias
273 733 459 790 ceremonias
480 740 509 788 et
522 750 621 808 preces
641 732 669 789 in
684 732 840 791 Missarum
855 731 1045 790 celebratione
1059 731 1217 796 adhibeant,

132 842 295 911 praetereas
309 850 373 904 quae
392 833 427 890 ab
449 830 581 889 Ecclesia
595 832 728 907 probatae,
755 851 788 889 ac
801 830 944 903 frequenti
966 841 995 890 et
1017 830 1152 889 laudabili
1173 848 1222 887 usu

133 942 254 1008 receptae
278 926 430 989 suerint.'’¹
475 929 584 989 Omnes
596 930 822 1006 igiturRubricae
837 931 910 989 intra
923 930 1048 989 Missam
1063 929 1221 1016 ,servande

132 1031 261 1108 obligant
272 1030 326 1089 sub
340 1032 429 1107 graui,
443 1030 487 1087 vel
501 1030 557 1088 levi
571 1029 663 1105 culpa,
678 1048 729 1106 pro
743 1048 837 1090 rerum
850 1022 975 1087 natura.2
1006 1029 1096 1088 Levis
1110 1028 1221 1103 quidem

130 1142 175 1188 est
195 1130 281 1208 culpa
293 1131 322 1188 in
335 1149 366 1187 re
380 1148 466 1207 parva
485 1128 624 1195 delicere;
646 1127 697 1186 sed
717 1129 840 1205 graviter
852 1139 995 1206 peccatur,
1016 1129 1132 1202 quoties
1158 1125 1222 1200 quid

133 1232 229 1308 magni
256 1231 394 1289 momenti
421 1228 581 1305 negligitur,
610 1228 655 1286 vel
680 1227 820 1305 adjicitur.
871 1228 905 1286 ln
931 1246 1042 1287 canone
1068 1227 1221 1305 prasertim

135 1331 267 1398 omissio,
279 1328 324 1387 vel
344 1326 460 1395 additio,
475 1345 587 1402 gravem
599 1326 681 1385 tacite
695 1327 804 1386 inducit
816 1326 939 1405 culpam.
982 1328 1224 1400 Quotiescumque

133 1431 245 1488 animus
271 1438 315 1485 est
339 1446 443 1486 novum
471 1425 624 1484 inducendi
650 1427 746 1495 ritum,
773 1445 853 1485 more
879 1426 1020 1485 Ecclesiae
1047 1426 1219 1504 posthabito,

133 1530 227 1608 gravis
248 1537 292 1585 est
309 1527 402 1604 culpa,
424 1544 487 1599 quar
508 1527 543 1584 ab
563 1527 599 1584 iis
620 1525 729 1584 admitti
749 1525 892 1584 censenda
911 1535 955 1584 est
974 1527 1024 1598 qui
1038 1545 1103 1600 quae
1117 1523 1220 1583 secreti

133 1627 254 1688 dicenda
273 1635 348 1694 sunt,
370 1625 425 1683 alta
445 1644 514 1683 voce
536 1625 661 1704 proferre
687 1625 837 1685 affectant:
859 1634 1034 1703 quapropter
1053 1627 1084 1685 in
1111 1625 1220 1697 eosqui

135 1729 219 1786 ritum
240 1726 403 1784 Romanum
419 1707 564 1793 damnant,
579 1725 727 1784 anathema
747 1724 809 1783 tulit
829 1725 982 1785 concilium
1004 1725 1221 1785 Tridentinum:

135 1827 277 1899 “Siquis
291 1824 403 1894 dixerit,
418 1825 557 1884 Ecclesiae
572 1825 710 1883 Romane
730 1825 814 1882 ritum
835 1844 892 1900 quo
912 1824 1058 1883 submissa
1070 1845 1144 1884 voce
1162 1842 1223 1902 pars

132 1927 250 1987 canonis
264 1936 291 1985 et
304 1928 389 1986 cerba
402 1925 623 1984 consecrationis
644 1924 833 2001 proferuntur,
854 1923 1047 1986 damnandum
1069 1944 1147 1993 esse,
1161 1942 1222 1982 ana·

133 2026 230 2087 tlicma
251 2022 337 2084 sit.”³
377 2026 446 2084 Mos
468 2025 544 2100 apud
571 2043 625 2082 nos
645 2023 776 2083 inductus
798 2025 958 2101 hymnum:
991 2025 1102 2083 “Veni
1122 2024 1223 2082 Sancte

129 2124 289 2202 Spiritus,'’
301 2135 364 2182 ante
378 2124 546 2182 concionem
560 2124 690 2190 canendi,
702 2122 843 2181 tollendus
853 2123 972 2191 videtur,
984 2142 1073 2196 quum
1082 2143 1142 2184 non
1150 2141 1219 2202 prae·

129 2224 265 2280 scribatur
282 2224 312 2280 in
337 2222 461 2290 Missali,
486 2231 514 2278 et
539 2221 671 2280 sacerdos
685 2222 858 2299 genuflexus
872 2231 988 2281 maneat
1008 2221 1076 2283 dum
1102 2225 1219 2290 canitur,

131 2331 228 2380 contra
249 2322 334 2379 ritum
355 2323 385 2380 in
405 2322 499 2380 Missa
521 2331 672 2389 servatum,
694 2331 721 2378 et
746 2322 870 2400 Anglico
897 2340 1028 2381 sermone
1054 2325 1221 2402 plerumque

132 2430 258 2479 canatur,

172 2524 240 2581 117.
253 2521 347 2580 Grave
356 2530 552 2598 estpeccatum
563 2519 632 2580 adeo
640 2521 783 2579 incuriose
793 2522 838 2580 vel
847 2520 1013 2580 festinanter
1021 2541 1135 2582 sacrum
1145 2541 1224 2599 pera·

131 2632 236 2699 gerent
245 2621 377 2681 fidelibus
386 2621 773 2680 offensionisitetscandalo.
805 2621 882 2679 Hinc
891 2622 940 2694 qui
950 2623 1023 2680 intra
1037 2623 1219 2695 quadrantem

130 2721 207 2780 horae
222 2741 332 2781 sacrum
347 2723 505 2789 absolvunt,
529 2722 577 2779 vix
594 2732 714 2798 possunt
733 2722 811 2798 gravi
826 2730 942 2797 peccato
956 2722 1099 2780 immunes
1113 2723 1220 2788 haberi,

130 2839 217 2894 quum
233 2831 288 2880 um
309 2822 388 2880 brevi
401 2822 537 2899 temporis
557 2821 649 2898 spatio
669 2830 810 2893 nequeant
830 2838 929 2897 preces
950 2822 1074 2898 integras
1092 2823 1219 2889 recitare,

129 2922 255 2995 ritusque
269 2932 428 2981 reverenter
441 2912 602 2998 perficere.⁴

171 3025 238 3079 118.
260 3022 353 3080 Missa
365 3022 455 3079 semel
468 3020 601 3078 inchoata
613 3019 647 3078 ad
661 3021 747 3078 finem
761 3038 852 3093 usque
872 3018 1053 3096 perducenda
1067 3031 1121 3090 est,
1136 3040 1220 3099 grave

128 3122 206 3178 enim
215 3129 257 3178 est
267 3132 414 3196 peccatum
425 3132 530 3178 tantum
543 3139 647 3178 munus
656 3120 851 3196 imperfectum
861 3119 1033 3192 relinquere.
1062 3127 1082 3155 ‘⁸
1092 3121 1219 3179 Nullus'’

128 3219 220 3291 inquit
238 3219 392 3277 concilium
413 3220 586 3278 Toletanum
607 3219 676 3279 Vll.
701 3221 838 3292 “absque
858 3227 997 3296 proventu
1017 3221 1140 3296 patentis
1161 3239 1219 3279 mo·

127 3317 227 3385 lestiae,
243 3317 381 3386 minister,
397 3318 442 3375 vel
462 3315 607 3386 sacerdos,
621 3336 688 3377 cum
709 3321 837 3396 coeperit,
856 3318 1023 3396 imperfecta
1036 3319 1133 3378 officia
1153 3339 1223 3397 prae·

127 3424 221 3472 sumat
233 3417 351 3476 omnino
372 3410 583 3488 relinquere.”¹
620 3416 656 3477 Si
667 3419 733 3491 quis
747 3428 813 3494 post
826 3419 1074 3478 consecrationem
1088 3419 1222 3478 recedere

126 3523 242 3591 cogatur
255 3516 291 3573 ob
311 3533 428 3593 gravem
448 3514 655 3591 aegritudinem,
669 3514 764 3586 debat,
778 3518 804 3575 si
817 3519 916 3588 valeat,
931 3517 1034 3587 redire,
1048 3530 1079 3576 ut
1093 3519 1220 3596 perficiat

125 3614 317 3685 sacrificium
339 3618 364 3675 si
384 3634 441 3674 non
462 3615 562 3691 possit,
577 3612 732 3675 curandum
753 3627 798 3674 est
816 3628 848 3676 ut
860 3618 994 3677 sacerdos
1009 3618 1092 3687 alius,
1108 3620 1220 3677 etiamsi

117 3732 185 3779 -Ιοπ
189 3718 318 3796 jejunus,
328 3716 465 3795 perficiat.
475 3713 680 3774 Recedendum
689 3727 742 3786 est,
752 3717 777 3775 si
785 3718 893 3792 absque
901 3716 1036 3776 scandalo
1047 3719 1110 3776 fieri
1117 3721 1219 3796 possit,

31 3899 33 3905 y
126 3819 240 3890 quoties
254 3819 318 3892 quis
332 3829 396 3878 ante
410 3816 655 3877 consecrationem
676 3817 785 3894 peccati
800 3817 927 3876 mortalis
951 3818 1007 3877 sibi
1028 3818 1061 3875 fit
1080 3819 1222 3885 conscius,

161 3986 204 4050 (l)
223 3985 289 4036 Sess.
299 3987 360 4037 xxii.
373 3988 399 4036 in
410 3986 461 4037 dec.
473 3985 502 4036 dc
512 3985 602 4038 obacro.
614 3990 637 4037 et
648 3986 704 4036 evit.
712 3989 740 4036 in
752 3985 794 4035 cel.
805 3986 896 4037 Miaaac.
918 3985 978 4034 Vide
988 3984 1080 4035 rituum
1089 3987 1222 4051 plerorum-

125 4083 173 4130 que
182 4071 368 4135 explicationem
380 4073 445 4138 epud
456 4073 483 4122 S.
494 4073 584 4124 Thom.
598 4073 631 4123 iii.
643 4088 667 4138 p.
678 4088 719 4136 qu.
731 4072 826 4122 lxxxiii.
838 4078 881 4121 art.
893 4071 924 4121 iv.
960 4070 1036 4139 Reap.

160 4153 202 4219 (2)
223 4155 249 4205 S.
261 4156 335 4220 Alph.
348 4158 407 4223 lavi.
419 4174 444 4206 n.
457 4160 514 4207 399.
727 4160 768 4224 (3)
788 4157 853 4207 Sese.
864 4157 915 4206 xxi.
924 4172 978 4205 can.
992 4157 1027 4206 ix.

161 4237 202 4299 (4)
222 4236 249 4285 S.
257 4239 331 4302 Alph.
344 4241 359 4291 l.
371 4242 402 4290 vi.
415 4257 440 4290 n.
452 4245 510 4293 4⁰0.

159 4321 201 4385 (5)
221 4318 304 4375 Causa
315 4323 355 4377 vii.
368 4340 409 4391 qu.
419 4325 435 4376 i.
447 4340 472 4374 n.
487 4329 525 4374 16.
544 4327 590 4378 ΝιἹ
599 4333 684 4380 contro
696 4327 792 4378 ordinis
803 4331 937 4379 statutum.
