2640 4860
180 361 239 421 170
432 352 491 413 DE
511 351 679 412 SIGILLO
699 350 1020 412 CONFESSIONIS.

178 520 350 601 proditioue,
364 517 481 579 Illicitus
492 530 546 587 est,
555 521 580 578 si
593 519 642 577 liat
650 537 718 579 cum
727 536 910 591 quocumque
918 518 1087 595 graramIne
1094 516 1247 595 pantenu.
1304 549 1317 559 -·

176 622 243 681 lieet
262 622 348 698 longe
374 620 467 696 majus
489 637 642 696 gravamen
666 630 802 691 sequatur
826 619 852 675 si
871 637 931 676 non
953 617 1132 685 adhibeatur,
1152 616 1249 684 senui
1307 651 1317 689 ς

177 720 287 787 dicunt,
301 738 339 778 er
348 738 409 777 non
422 737 501 777 usu:
516 719 686 777 contrariam
706 719 813 794 quippe
827 718 1014 776 assertionem
1027 715 1171 776 damnavit
1181 717 1250 775 Iuno
1306 696 1317 807 i

177 821 287 878 centius
313 819 369 877 XI.
389 838 465 877 anno
490 822 578 877 lost.
613 818 773 876 “Scientia
797 835 834 874 ex
856 816 1038 876 consessione
1065 816 1203 890 acquisita
1222 813 1252 872 uti
1308 868 1317 881 ,

177 920 255 985 licet,
270 918 357 977 modo
378 918 427 975 fiat
439 920 502 976 sine
514 917 620 975 directa
632 927 680 975 aut
699 916 836 975 iudirecta
856 916 1042 984 revelatione,
1056 925 1087 974 et
1108 915 1253 994 gravamine

178 1020 354 1096 poenitentis,
369 1017 426 1076 nisi
439 1016 514 1075 aliud
534 1017 625 1075 multo
638 1017 752 1093 gravius
772 1035 810 1075 ex
823 1034 882 1074 non
902 1034 956 1073 usn
976 1026 1126 1089 sequatur,
1139 1016 1169 1074 in
1187 1015 1256 1091 enjus

179 1120 391 1195 comparatione
418 1118 497 1193 prius
522 1117 625 1175 merito
644 1126 851 1174 contemnatur.
891 1113 996 1173 addin
1020 1106 1128 1175 dititrde
1148 1114 1258 1190 explica·
1314 1166 1316 1200 :

179 1218 266 1285 tione,
280 1218 342 1275 sive
361 1217 538 1282 limitatione,
553 1214 629 1287 quod
642 1217 680 1273 sit
692 1212 876 1291 intelligenda
887 1214 924 1271 de
937 1233 990 1273 usu
1012 1215 1142 1274 scientie
1154 1232 1192 1271 ex
1204 1231 1260 1270 con·

179 1317 305 1376 sessione
330 1315 475 1388 acquisitae
494 1334 560 1371 cum
583 1317 746 1391 gravamine
760 1315 935 1391 punientis,
958 1313 1072 1373 seclusa
1092 1329 1262 1387 quacumque

180 1417 369 1475 revelatione:
391 1426 476 1486 atque
490 1414 519 1472 in
542 1433 610 1471 casu
633 1432 691 1485 quo
712 1415 802 1472 multo
823 1413 935 1489 gravius
960 1431 1119 1489 gravamen
1142 1411 1264 1491 ejusdem

181 1516 346 1592 penitentis
366 1531 403 1572 ex
425 1531 484 1570 non
506 1532 559 1571 usu
582 1524 757 1585 sequeretur.
799 1511 885 1570 Hanc
904 1510 1010 1572 dictam
1031 1513 1266 1590 propositionem,

180 1625 319 1687 quatenus
331 1611 453 1670 admittit
473 1630 557 1669 usum
576 1611 659 1670 dictae
679 1612 805 1669 scientiae
825 1629 891 1668 cum
911 1612 1075 1686 gravamine
1096 1612 1267 1688 prenitentis,

180 1713 266 1771 ctiam
280 1731 345 1771 cum
359 1712 435 1769 dicta
447 1711 649 1788 explicatione,
663 1712 796 1789 prasenti
810 1708 923 1767 decreto
935 1710 1097 1788 prohibent,
1111 1720 1168 1770 otc.
1189 1711 1268 1770 Man·

181 1810 281 1870 dantes
293 1812 379 1869 etiam
391 1812 534 1870 universis
553 1812 723 1870 sacramenti
740 1810 915 1887 poeniteutie
932 1810 1081 1878 ministris,
1094 1821 1126 1869 ut
1137 1811 1174 1870 ab
1191 1829 1226 1868 ea
1242 1810 1270 1868 in

182 1911 294 1990 praxim
314 1910 483 1970 deducenda
507 1930 624 1990 prorsus
643 1908 834 1970 abstineant.”
875 1908 962 1969 Ratio
986 1909 1160 1988 suffragatur
1183 1909 1271 1969 mani-

180 2011 264 2078 festa,
278 2011 345 2083 quia
357 2010 475 2070 odIosus
492 2010 565 2069 soret
583 2011 785 2085 penitentibus
806 2007 972 2086 hujusmodi
991 2027 1073 2077 usus,
1086 2027 1154 2069 cum
1173 2026 1271 2067 eorum

181 2111 346 2187 gravamine
372 2110 552 2186 conjunctus.
593 2108 627 2165 Si
647 2109 750 2182 aliquis
775 2107 847 2167 mihi
870 2126 907 2166 ex
927 2108 1113 2170 consessione
1137 2108 1272 2185 indignus

181 2225 298 2265 munere
311 2205 434 2280 quodam
448 2224 512 2264 esse
526 2207 690 2275 innotuerit,
703 2226 761 2266 non
775 2225 895 2284 possum
915 2226 952 2266 ex
964 2208 1065 2267 notitia
1076 2211 1122 2268 sic
1134 2208 1271 2282 acquisita

182 2304 253 2363 illud
272 2305 300 2362 ei
321 2304 490 2372 subducere,
510 2306 579 2365 licet
599 2307 719 2374 nemini,
738 2325 776 2365 ne
799 2306 916 2379 quIdem
941 2308 998 2384 ipsi
1024 2308 1186 2386 poenitenti,
1205 2306 1269 2367 iuda

182 2403 301 2462 oriretur
313 2402 371 2461 ulls
382 2405 520 2481 suspicio,
528 2414 557 2464 et
569 2404 683 2465 aliunde
695 2407 858 2479 rationeque
869 2406 986 2476 faveret,
996 2417 1026 2467 et
1037 2427 1125 2486 grave
1137 2406 1270 2466 damnum

182 2502 308 2577 alioquin
326 2502 369 2561 illi
390 2505 561 2573 immineret,
575 2505 653 2578 quod
673 2515 767 2564 tamen
787 2506 903 2564 nonnisi
924 2507 961 2565 ob
987 2526 1050 2565 rem
1070 2507 1110 2567 ita
1128 2508 1270 2584 cognitam

182 2621 309 2663 nossem.
339 2604 389 2662 Sic
401 2616 430 2664 et
450 2606 565 2682 collegii
579 2615 671 2663 rector
690 2606 789 2678 nequit
801 2623 839 2662 ex
850 2623 881 2663 re
895 2607 926 2663 in
943 2607 1127 2665 consessione
1148 2607 1270 2665 innotes-

182 2713 263 2763 cente
277 2714 398 2761 statuere
412 2706 539 2782 regulam
553 2704 588 2762 de
602 2723 721 2762 ascensu
735 2704 770 2762 ad
780 2703 894 2762 ordines
902 2723 1009 2774 sacros,
1020 2724 1078 2779 qua
1086 2704 1270 2782 impediretur

183 2803 345 2876 aliquandiu
372 2805 524 2880 poenitens,
547 2805 600 2862 etsi
620 2803 817 2863 detrimentum
845 2805 872 2861 ei
898 2823 936 2862 ex
956 2805 1050 2864 citiori
1069 2824 1192 2863 ascensu
1217 2804 1272 2863 ori·

182 2914 267 2961 retur.
311 2901 390 2960 Hinc
405 2902 542 2962 Clemens
556 2903 641 2970 VIII,
655 2913 684 2961 et
697 2903 831 2961 Urbanus
846 2903 931 2961 VIII.
945 2904 1155 2980 prohibuerunt
1167 2904 1274 2981 regula·

182 3003 259 3060 ribus
271 3021 306 3060 ne
320 3004 349 3059 in
372 3001 506 3060 exteriori
518 3004 656 3079 rchmine
669 3013 813 3061 uterentur
826 3003 925 3062 notitia
936 3021 974 3060 cx
995 3003 1181 3063 consessione
1202 3003 1273 3061 deri·

183 3113 262 3159 vata:
284 3113 459 3178 quapropter
471 3114 616 3173 nequeunt
635 3103 701 3160 inde
724 3101 854 3160 subditos
874 3121 911 3159 ex
932 3121 989 3161 uno
1011 3103 1047 3161 ad
1067 3104 1156 3162 alium
1178 3105 1273 3162 locum

184 3201 305 3263 mittere,
319 3200 364 3257 vel
378 3199 413 3256 ad
427 3200 504 3257 aliud
524 3201 673 3259 transferre
695 3220 809 3260 munus.
850 3200 932 3261 Idem
946 3202 1097 3261 dicendum
1111 3201 1149 3260 de
1162 3203 1274 3279 episco-

184 3297 241 3374 pis.
283 3305 302 3331 ‘⁶
315 3297 415 3354 Potest
427 3298 558 3373 praelatus
571 3299 633 3356 sine
646 3298 764 3356 laesione
777 3301 958 3359 conscientiae
968 3301 1110 3360 dimittere
1123 3314 1273 3377 peccatum

184 3395 368 3470 Impunitum,
378 3394 516 3466 quodecit
528 3404 635 3455 tantum
648 3408 679 3454 ut
692 3397 792 3456 Deua:
808 3400 853 3458 vel
866 3402 929 3459 sine
943 3401 1039 3473 aliquo
1052 3401 1193 3470 remedio,
1207 3402 1274 3476 quia

184 3511 241 3551 non
255 3503 365 3551 tenetur
377 3493 511 3551 adhibere
533 3495 700 3565 remedium,
715 3497 771 3557 nisi
785 3517 821 3557 eo
835 3499 932 3567 modo,
947 3519 1004 3573 quo
1018 3498 1053 3556 ad
1073 3500 1171 3576 ipsum
1184 3498 1274 3561 defer·

184 3603 237 3652 tur.
272 3593 357 3651 Unde
370 3593 401 3650 iu
415 3593 459 3651 his
473 3611 536 3666 quae
550 3593 691 3672 adipsum
705 3597 868 3657 deferuntur
879 3600 909 3657 in
921 3599 983 3657 foro
996 3601 1182 3675 poenitentIae,
1192 3599 1276 3658 debet

184 3695 214 3753 In
234 3694 336 3753 eodem
357 3691 429 3762 foro,
450 3702 586 3766 quantum
606 3704 708 3771 potest,
730 3696 864 3756 adhibere
885 3693 1094 3758 remedium.”²
1126 3698 1273 3758 Caeterum

182 3795 299 3854 licetex
312 3794 438 3872 generali
460 3794 697 3874 conscientiarum
718 3797 818 3856 notitia
838 3799 977 3856 cautiores
998 3797 1061 3855 fieri
1080 3796 1112 3856 in
1130 3800 1216 3857 rebus
1228 3817 1276 3875 ge·

183 3896 291 3963 rendis,
304 3912 340 3953 ne
350 3894 445 3953 statim
458 3895 614 3953 habeantur
627 3895 735 3963 idoneI,
749 3899 798 3971 qui
811 3899 940 3973 speciem
950 3897 1137 3974 praeseferunt
1149 3898 1272 3975 pietatis,

183 3993 229 4050 vel
241 3994 353 4053 dotibus
367 3994 497 4053 videntur
516 3995 610 4053 ornari
623 3995 747 4053 eximiis.
781 3995 868 4063 Quod
880 3998 906 4056 si
919 3996 1096 4057 sacerdotem
1109 3998 1216 4075 pvaesul
1233 4015 1271 4055 ex

180 4092 360 4152 consessIone
369 4096 481 4154 noverit
494 4093 641 4172 indIgnum
656 4111 730 4164 esse,
742 4095 788 4155 vel
800 4095 919 4157 infirma
931 4097 1032 4156 saltem
1041 4097 1164 4165 virtutis,
1176 4097 1274 4170 nequit

413 4313 457 4376 (t)
475 4311 502 4362 S.
515 4312 605 4363 I'hom.
614 4312 701 4377 Suppl.
712 4315 746 4365 iii.
757 4330 782 4381 p.
792 4315 877 4381 qui.
888 4324 931 4367 ert.
941 4317 958 4368 i.
970 4316 1001 4367 sd
1012 4318 1036 4366 8.
