2640 4860
184 386 246 443 300
381 378 439 439 DE
459 377 780 439 lMPEDIMENTIS
800 377 1080 439 MATRIMONII.

185 549 254 608 slter
266 546 384 605 alterum
398 554 542 604 aversatur
553 547 590 605 ob
602 557 730 605 naturam
741 564 840 622 parum
852 556 947 622 aptam
961 546 1059 605 coitui.
1101 545 1271 622 Impotentia

185 647 318 723 quelibet
336 646 542 722 superveniens
568 647 750 704 matrimonio
773 664 831 704 nou
852 645 920 703 illud
946 645 1062 712 dirimit,
1077 647 1193 704 etiamsi
1212 665 1274 704 cou-

186 757 358 804 summatum
373 744 464 802 adhuc
478 763 534 803 uon
555 746 602 811 sit,
614 765 678 803 nam
699 744 843 802 vinculum
857 754 901 801 est
912 756 1092 821 perpetuum,
1103 755 1133 802 et
1146 753 1166 780 ‘⁶
1175 744 1276 823 factqm

186 845 312 923 legitime
334 845 475 902 retractari
499 863 556 902 non
579 844 672 912 debet,
686 845 754 903 licet
775 843 844 915 quid
866 854 964 920 postea
983 844 1128 901 eveniata
1148 859 1273 919 quo-nou

185 945 278 1023 potuit
303 942 462 1001 inchoari.”
505 943 593 1020 Igitur
619 944 668 1015 qui
694 945 721 1001 vi
742 952 875 1002 exsectus
900 953 954 1010 est,
969 943 1015 1000 vel
1037 942 1109 1000 alias
1130 944 1272 1018 impotens

185 1045 286 1110 sactus,
308 1061 365 1101 non
378 1033 495 1100 'desinit
519 1044 636 1100 maritus
662 1061 736 1111 esse,
757 1042 824 1100 lieet
840 1043 906 1118 jure
925 1042 1051 1119 conjugii
1076 1042 1120 1099 uti
1142 1048 1277 1115 nequeat-

186 1144 295 1202 Taotus
316 1152 345 1199 et
369 1150 499 1218 aspectus
520 1140 595 1199 haud
618 1143 740 1219 graviter
759 1142 793 1199 iis
814 1141 893 1199 vetiti
918 1140 1058 1208 videntur,
1073 1140 1100 1198 si
1117 1140 1276 1218 periculum

187 1242 351 1319 pollutionis
365 1241 447 1308 absit,
461 1255 528 1299 sunt
540 1243 616 1299 euim
633 1241 692 1299 veri
706 1242 854 1318 conjuges.

225 1345 296 1400 207.
319 1339 553 1415 Hermaphroditi
576 1339 707 1399 dicuntur
727 1341 775 1412 qui
788 1340 853 1399 lusu
866 1336 991 1413 quodam
1004 1347 1112 1397 nature
1126 1340 1276 1412 utriusque

186 1458 275 1499 sexus
289 1459 357 1498 vasa
368 1438 481 1496 habeut
513 1438 554 1498 Hi
568 1440 734 1498 contrahere
749 1434 1045 1515 valentjuxtas'exum
1058 1439 1111 1512 qui
1125 1438 1276 1515 petralem

186 1539 306 1606 ridetur,
316 1539 361 1596 vel
374 1538 399 1596 si
412 1556 457 1596 res
471 1539 509 1596 sit
517 1536 612 1606 dubia,
620 1540 703 1616 juxta
714 1539 886 1603 alterutrum,
896 1538 925 1593 iu
936 1553 994 1609 quo
1005 1546 1099 1596 tamen
1113 1546 1277 1597 constanter
1292 1536 1310 1545 ““

186 1638 288 1697 durare
303 1637 415 1704 debent;
425 1638 554 1710 quamvis
564 1639 654 1695 valeat
667 1638 887 1704 matrimonium,
899 1635 924 1693 si
937 1644 1002 1712 post
1010 1637 1144 1714 conjugis
1159 1647 1275 1695 mortem

184 1756 288 1796 sexum
302 1738 388 1795 veluti
407 1745 525 1796 mutent.

224 1840 295 1895 2⁰8.
316 1835 435 1914 Raptus
456 1836 689 1913 impedimentum
716 1856 732 1894 a
757 1836 879 1895 coneilio
904 1833 1079 1894 Tridentino
1102 1835 1151 1894 his
1179 1836 1274 1895 uerbis

183 1945 317 1994 statutum
331 1945 384 1993 est.
412 1944 433 1971 “
443 1934 580 1994 Decemit
592 1936 697 1994 Sancta
710 1936 858 2012 Synodus,
872 1934 945 1992 iuter
957 1943 1100 2012 raptorem
1114 1944 1144 1994 et
1153 1938 1271 2013 replum,

186 2035 325 2123 quamdiu
385 2110 389 2117 .
408 2035 439 2095 in
453 2045 590 2112 potestate
604 2036 724 2112 raptoris
738 2035 881 2101 manserit,
896 2033 1005 2092 nullum
1021 2052 1108 2111 posse
1123 2035 1275 2093 consistere

184 2135 296 2192 matrim
366 2106 379 2143 ⁸
448 2135 534 2201 Quod
547 2135 572 2191 si
585 2144 664 2209 rapta
684 2143 824 2211 araptors
845 2142 980 2210 separata,
995 2134 1028 2190 et'
1043 2133 1073 2190 in
1086 2135 1151 2193 loco
1169 2143 1229 2195 tuto
1248 2142 1276 2193 et

184 2232 274 2290 libero
288 2233 448 2299 consumta,
463 2233 542 2291 illum
557 2233 585 2290 in
606 2234 699 2291 virum
721 2233 827 2292 habere
847 2233 1032 2300 consenserit,
1047 2248 1111 2291 eam
1134 2232 1297 2319 tophum„

184 2346 304 2389 uxorem
325 2330 434 2397 habeat,
447 2340 476 2387 et
494 2331 679 2389 nihilominus
694 2343 789 2410 raptor
802 2333 874 2409 ipse,
889 2350 922 2391 ac
935 2349 1036 2391 omues
1057 2332 1099 2390 illi
1112 2332 1281 2401 consilinm.

183 2429 333 2496 auxilium,
347 2437 375 2486 et
394 2427 521 2488 favorem
542 2431 710 2508 prebentes,
723 2432 782 2490 sint
801 2434 866 2507 ipso
887 2431 953 2507 jure
973 2430 1227 2499 exeommunicati,
1240 2450 1280 2489 ae

185 2540 323 2607 perpetuo
343 2529 475 2597 infames,
490 2532 675 2604 omniumque
699 2530 867 2607 dignitatum
888 2531 1054 2607 incapacssa
1076 2540 1114 2599 et,
1136 2532 1162 2588 si
1181 2531 1277 2588 cleriei

183 2631 297 2696 fuerint,
324 2628 359 2687 de
386 2631 502 2705 proprio
528 2630 615 2707 gradu
642 2629 782 2688 decidant.
830 2630 976 2688 Teneatur
1008 2640 1149 2705 praeterea
1181 2639 1276 2705 raptor

183 2729 332 2788 mulierem
358 2740 477 2804 raptam,
505 2730 565 2787 sive
591 2750 654 2787 eam
680 2749 799 2788 uxorem
827 2728 950 2797 duxerit,
974 2729 1036 2786 sive
1063 2749 1123 2788 non
1150 2731 1268 2795 duxerit,

184 2829 316 2887 decenter
330 2827 442 2885 arbitrio
459 2827 566 2904 judicis
579 2825 723 2887 dotare.”¹
765 2830 875 2905 Raptus
894 2829 1009 2887 nomine
1030 2829 1199 2907 intelligitur
1217 2829 1270 2887 vio·

183 2928 258 2986 lenta
272 2927 404 2985 abductio
416 2927 542 2986 mulieris
554 2928 588 2986 ad
600 2926 753 2986 ineundum
763 2947 827 2986 cum
839 2947 872 2985 ea
882 2928 1106 2987 matrimonium.
1128 2929 1266 3005 Equidem

185 3026 315 3083 Carriere
328 3037 426 3084 censet
440 3026 663 3086 abductioneme
677 3028 740 3085 loeo
754 3028 788 3086 ad
802 3028 897 3086 locum
911 3047 968 3086 nou
982 3031 1146 3088 necessario
1159 3028 1266 3102 requiri:

185 3127 249 3183 “Si
263 3126 327 3198 quis
341 3126 417 3183 enim
432 3126 557 3202 puellam
572 3138 651 3185 extra
665 3127 781 3184 domum
796 3137 941 3203 paternam
953 3128 1007 3184 sibi
1027 3137 1233 3194 occurrentem,
1244 3128 1267 3184 iu

183 3224 288 3282 eoloco
298 3223 431 3293 detineat,
445 3225 539 3282 nullus
550 3226 657 3284 dubitat
670 3227 738 3298 quin
752 3227 789 3283 sit
800 3239 897 3302 raptus
910 3227 1046 3284 dirimens
1061 3228 1265 3286 matrimonium

185 3362 269 3378 .....
280 3323 427 3383 Pariter..
439 3362 466 3383 ..
478 3365 485 3380 .
500 3325 524 3380 si
536 3327 630 3401 puella
644 3327 672 3384 in
687 3327 802 3402 propria
813 3325 898 3384 domo
912 3325 1083 3393 obsideatur,
1096 3326 1135 3386 ita
1146 3338 1179 3384 ut
1195 3325 1265 3384 exire

182 3437 238 3476 non
253 3420 353 3486 valeat,
369 3420 449 3479 adest
461 3440 527 3479 vere
541 3433 646 3499 raptus,
659 3425 725 3497 quia
739 3435 869 3483 censetur
889 3442 954 3483 esse
967 3425 997 3482 in
1008 3443 1094 3483 maun
1110 3426 1174 3504 ejus
1195 3426 1267 3502 cujus

182 3517 313 3575 satellites
340 3517 455 3575 domum
481 3515 662 3578 obsident.'’²
702 3522 845 3583 Caeterum
872 3542 959 3597 quum
987 3524 1117 3601 theologi
1146 3525 1266 3601 plerique

181 3627 288 3676 motum
309 3635 325 3673 c
345 3617 409 3675 loco
429 3618 458 3675 in
483 3616 580 3677 locum
608 3621 734 3698 exigant,
756 3625 809 3699 qni
828 3625 912 3681 etiam
939 3624 1001 3699 ipsa
1027 3641 1100 3681 voce
1119 3621 1267 3701 significari

180 3717 300 3784 videtur,
316 3717 449 3796 theologo
470 3718 579 3777 erudito
600 3723 730 3780 assentiri
751 3722 923 3789 dubitamus,
945 3730 1138 3798 petamusque
1160 3721 1266 3783 aliunde

179 3816 379 3875 infirmandum
394 3835 458 3874 esse
472 3821 701 3878 matrimonium:
717 3841 752 3878 v:
767 3842 804 3899 g:
820 3823 893 3880 sxvi
905 3822 991 3889 illata,
1003 3832 1136 3896 metuque
1146 3824 1266 3885 incusem
1303 3896 1308 3905 Ι

179 3915 417 3987 quandocumque
443 3927 537 3974 motus
564 3918 704 3977 violentus
730 3940 745 3977 e
768 3922 834 3979 loeo
860 3939 917 3979 nou
943 3919 1104 3981 ostenditur
1128 3922 1263 3980 evenisse.

180 4012 309 4073 Necesse
330 4025 423 4073 autem
449 4035 506 4075 nou
527 4027 570 4074 est
595 4028 626 4076 ut
647 4038 781 4096 magnum
802 4020 839 4077 sit
859 4021 988 4079 locorum
1011 4019 1201 4087 intervallum,
1216 4016 1262 4076 sed

469 4237 511 4301 (l)
531 4236 595 4285 Sese
607 4237 675 4286 xxiv.
686 4253 739 4301 cup.
750 4236 783 4289 ri.
792 4239 821 4289 de
836 4236 895 4309 Βςῆ
904 4238 981 4317 Matr.

466 4319 508 4384 (2)
528 4318 566 4369 De
579 4319 640 4369 Mat.
651 4321 667 4369 l.
680 4320 704 4369 ii.
716 4337 741 4371 n.
754 4322 814 4373 006.
