2640 4860
336 400 395 461 Du
414 398 590 461 NATURA
611 400 887 461 MA'l'RlMONll.
1099 409 1156 464 301

68 583 130 625 non
152 565 236 624 fuerit
258 567 429 643 baptizatus,
451 540 591 646 ‘domjugio
612 576 706 626 tamen
729 586 794 626 oum
818 569 905 626 altero
923 567 997 626 haud
1017 570 1161 645 baptizato

63 665 303 743 junctus,'omnis
324 684 410 741 opera
436 664 595 725 adhibenda
617 666 670 725 erit
688 675 723 725 ut
739 685 858 724 consors
878 669 1040 737 retineatur,
1055 670 1162 743 absque

57 763 139 823 ndei
152 776 182 822 et
194 765 306 840 pietatis
326 763 510 823 detrimento:
533 784 598 822 nam
611 764 740 825 libertate
759 765 796 825 ad
816 784 888 823 nova
914 777 979 824 vota
999 770 1163 827 transeundi

68 863 118 921 lex
132 864 224 921 civilis
236 863 294 922 frui
307 873 392 932 vetat,
406 864 463 922 nisi
476 864 512 921 iis
526 865 574 937 qui
588 864 710 924 divortio
721 865 844 941 separati
858 877 941 922 suut:
958 865 1072 938 quodsi
1086 869 1160 926 absit

68 981 201 1031 consors,
210 966 245 1021 et
256 980 415 1024 cormeum
436 963 498 1040 ejus
512 965 624 1035 exquiri
643 971 775 1036 nequeat,
788 982 879 1036 quum
899 964 1076 1023 domicilium
1099 967 1160 1043 ejus

66 1061 164 1128 lateat,
178 1061 214 1119 ab
227 1054 284 1121 alio
302 1062 439 1141 conjugio
457 1061 583 1128 ineundo
597 1064 738 1121 abstinere
759 1072 880 1139 oportet,
896 1081 931 1120 ne
953 1083 1034 1122 uovae
1054 1066 1160 1141 nuptiae

67 1159 261 1219 offensionem
284 1158 448 1238 parianadt
465 1161 593 1239 speeiem
617 1162 748 1239 bigamiae
774 1161 964 1238 praeseferant.
1007 1163 1040 1220 Si
1061 1182 1161 1240 graves

67 1260 196 1318 rationes
209 1260 349 1319 suadeant
361 1278 427 1320 eum
440 1278 457 1319 e
471 1260 544 1318 rivis
559 1259 737 1329 discessisse,
753 1279 840 1334 quum
858 1260 1017 1320 diutissime
1031 1261 1162 1327 abfuerit,

68 1367 99 1416 et
123 1357 239 1416 nuntius
265 1360 360 1418 nullus
386 1359 523 1435 plurimos
547 1378 637 1417 annos
663 1360 698 1418 de
724 1378 758 1418 eo
785 1359 941 1429 advenerit,
969 1380 1027 1419 non
1052 1359 1163 1419 videtur

70 1475 191 1516 consors
203 1457 396 1534 prohibendus
406 1459 524 1534 nuptiis,
538 1478 605 1517 uam
619 1458 687 1516 alter
697 1460 796 1531 nequit
808 1461 928 1529 moueri,
939 1459 1062 1533 ideoque
1071 1459 1165 1518 fidelis

67 1556 134 1634 jure
155 1575 210 1614 suo
236 1558 330 1628 utitur,
351 1559 509 1637 praesertim
535 1556 684 1616 accedente
709 1560 809 1617 mortis
833 1560 968 1636 opinione
995 1560 1163 1618 verosimili.

71 1655 160 1722 Quod
169 1657 196 1714 si
209 1655 243 1714 ad
253 1655 342 1717 fidem
353 1658 481 1717 eonverti
494 1658 646 1734 eontigerit
658 1657 708 1730 qui
721 1659 756 1716 ab
770 1657 910 1716 haeretieis
923 1661 1082 1735 baptizatus
1096 1677 1163 1717 eum

70 1755 157 1812 altera
185 1757 291 1832 pariter
313 1754 456 1834 baptizata
488 1757 600 1833 nuptias
627 1757 736 1824 inierat,
763 1758 869 1833 nuptiae
896 1759 1056 1816 nullatenus
1091 1758 1166 1818 solvi

73 1863 191 1926 queunt,
205 1864 269 1914 ratae
284 1855 390 1933 quippe
404 1875 438 1914 ae
452 1865 656 1914 eonsummatae
670 1865 746 1912 sunt.
771 1856 804 1913 Si
817 1855 852 1913 de
867 1859 1006 1917 consortis
1020 1858 1165 1934 baptismo

71 1971 131 2011 non
145 1962 266 2025 constet,
279 1972 334 2013 nee
356 1963 464 2013 eertum
478 1954 575 2012 haberi
589 1964 673 2028 queat
693 1955 895 2023 testimonium,
910 1957 940 2015 in
961 1975 1024 2014 eam
1044 1975 1166 2033 propen-

72 2051 140 2109 dere
154 2061 267 2129 0portet
277 2054 449 2114 senteutiam
463 2053 498 2111 de
512 2055 664 2131 baptismo,
674 2063 701 2110 et
715 2055 886 2112 matrimonii
900 2056 1004 2123 valore,
1016 2056 1062 2113 eui
1071 2056 1167 2114 saveut
1237 2124 1242 2133 g

71 2149 215 2211 iudioieot
226 2150 367 2230 Quanta:
382 2163 411 2211 et
423 2156 448 2212 si
460 2152 529 2225 quid
537 2154 626 2212 obstet
640 2153 738 2220 valori,
753 2172 790 2211 ex
804 2152 1016 2230 dispensatione
1030 2156 1167 2232 suppleu-

73 2249 156 2309 dum.
184 2238 343 2327 Equidem
369 2254 537 2330 eonjugium
557 2251 646 2310 semel
674 2253 776 2311 initum
799 2253 974 2312 censendum
997 2264 1041 2312 est
1061 2255 1166 2321 valere,

74 2349 210 2424 quamdiu
225 2351 300 2410 obex
314 2371 371 2410 uon
384 2371 415 2410 se
429 2351 547 2430 prodat:
569 2351 646 2424 quod
670 2353 695 2410 si
709 2353 784 2410 bona
806 2352 862 2428 fide
884 2355 945 2411 aliae
967 2354 1043 2412 initae
1063 2354 1168 2413 suerint

72 2450 193 2535 nuptiae,
217 2468 276 2519 uon
296 2461 363 2509 sunt
389 2450 542 2518 solvendae,
574 2450 665 2509 donee
691 2451 726 2508 ‹le
753 2453 841 2528 priori
869 2452 991 2521 vinculo,
1019 2472 1050 2511 re
1082 2454 1167 2530 plene

49 2540 255 2631 „investigata
267 2551 446 2627 exploratum
458 2552 505 2609 sit.
769 2560 772 2567 '

112 2650 164 2707 49.
188 2647 298 2707 christi
311 2649 375 2727 lege
396 2671 430 2708 ea
451 2651 494 2707 vis
508 2649 666 2708 contractui
687 2650 860 2707 matrimonii
880 2648 969 2707 indita
983 2659 1036 2717 est,
1050 2658 1081 2707 ut
1100 2667 1168 2707 cons

68 2747 186 2827 jurgium
200 2748 406 2824 baptizatorum
421 2749 512 2807 semel
530 2757 760 2808 consummatum
773 2749 852 2807 nullo
866 2767 992 2820 unquam
1013 2767 1080 2806 casu
1094 2746 1168 2804 solvi

74 2854 176 2919 que'at:
200 2848 315 2914 “Quod
329 2847 409 2906 Deus
423 2850 582 2925 conjunxit,
596 2849 683 2907 homo
697 2867 755 2907 nou
768 2842 936 2925 separet:”¹
957 2847 1035 2919 quod
1048 2847 1074 2903 si
1081 2862 1167 2922 opere

73 2946 251 3022 completum
261 2965 318 3006 nou
329 2948 377 3015 sit,
387 2968 444 3006 uon
458 2958 563 3005 tantam
576 2949 661 3006 habet
673 2949 746 3015 vim;
762 2967 828 3005 nam
839 2945 949 3003 Christi
959 2965 1025 3003 eum
1034 2945 1169 3004 Eeolesia

74 3045 308 3129 conjunctionem
320 3067 379 3107 nou
393 3041 535 3105 errhibet.2
564 3047 643 3105 Hine
654 3047 862 3124 baptizatomm
876 3045 1042 3122 eonjugium
1054 3050 1167 3111 retum,

76 3143 153 3218 quod
167 3143 278 3203 scilieet
289 3147 392 3205 initum
402 3157 455 3214 est,
470 3145 590 3204 sednon
604 3159 844 3213 consummatum,
855 3145 975 3203 solvitur
989 3144 1169 3222 professione

75 3243 224 3321 religionis
236 3244 395 3304 altemtrius
409 3247 550 3323 conjugis,
561 3246 631 3304 adeo
644 3254 675 3303 ut
683 3248 753 3304 alter
765 3247 856 3304 valeat
863 3263 952 3303 novas
963 3245 1035 3303 inire
1044 3244 1167 3320 nuptias:

78 3344 175 3416 “quia
187 3361 253 3402 oum
266 3363 325 3403 uon
338 3345 458 3402 luissent
470 3364 527 3402 uua
546 3364 611 3402 caro
625 3345 711 3405 simul
725 3345 831 3414 effecti,
846 3345 913 3403 satis
928 3354 1022 3420 potest
1039 3364 1113 3403 uuus
1135 3342 1171 3402 ad

77 3440 173 3502 Deum
195 3442 365 3512 transireat
387 3444 456 3500 alter
477 3445 506 3501 in
526 3444 631 3501 saeoulo
653 3441 817 3503 manere.’'³
863 3444 940 3502 lutra
960 3443 1032 3503 duos
1054 3461 1170 3502 menses
1234 3522 1238 3527 ᾖ

79 3543 187 3620 conjux
199 3543 311 3618 cogitur
330 3541 364 3600 ad
378 3541 560 3619 Religionem
574 3545 703 3612 transire,
717 3545 763 3601 vel
777 3545 894 3622 conjugi
915 3542 1059 3601 adhaerere
1069 3540 1094 3599 :⁴
1116 3541 1169 3600 sed
1241 3528 1243 3532 Α

79 3639 213 3714 quamdiu
241 3652 471 3700 consummatum
498 3661 556 3699 non
589 3641 674 3700 suerit
706 3644 928 3708 matrimonium,
956 3640 1044 3699 libera
1076 3646 1172 3697 manet

78 3739 198 3798 sanutus·
210 3739 336 3817 eligendi
346 3740 539 3819 Religionem.
561 3742 632 3808 Qum
651 3742 805 3816 Scripturae
821 3738 983 3797 testimonia
997 3737 1170 3796 matrimonii

79 3839 137 3899 rim
150 3848 318 3917 perpetuam
338 3840 490 3908 declarant,
505 3839 574 3899 illud
596 3857 625 3896 re
646 3839 803 3915 perfeetum
827 3846 971 3913 spectant:
991 3837 1063 3893 solvi
1084 3851 1171 3910 posse

80 3938 187 3999 ideireo
207 3956 226 3997 a
246 3940 368 3999 Summo
396 3939 536 3998 Pontifiee
559 3937 770 3996 matrimonium
794 3945 885 3994 ratum
912 3942 1032 3992 censent
1056 3933 1173 4009 plurimi

41 4084 45 4089 .
82 4034 218 4116 theologi,
232 4039 294 4096 aliis
314 4020 493 4116 negantibus.
536 4039 579 4097 Re
591 4037 707 4111 quidem
733 4053 800 4093 vera
826 4033 924 4111 plures
951 4032 1106 4091 Pontifices
1138 4051 1173 4090 ea

20 4258 26 4269 ·
103 4208 110 4273 l
185 4248 229 4317 (l)
249 4250 318 4300 Matt.
329 4250 380 4300 xix.
393 4253 417 4299 6.
743 4249 785 4313 (2)
806 4242 1082 4308 uap.v.da1313gemtn.

170 4336 228 4402 “(3)
248 4333 501 4399 capiideeonoers.
514 4335 616 4402 conjug.
743 4335 786 4399 (4)
807 4330 868 4395 Cap.
882 4329 921 4380 vii
934 4327 1015 4379 eodem
1027 4329 1066 4378 tit.

126 4431 202 4491 Vos.
217 4430 356 4491 lile-27
