2640 4860
119 396 181 455 m
497 384 640 449 CAPUT
661 387 846 450 UNIOUM.

118 559 275 620 animarum
288 556 382 614 statim
404 555 574 632 suscipiant,
593 554 699 614 debent
711 555 830 615 scicntia
840 573 970 634 congrua
983 558 1099 618 instrui.
1130 559 1207 638 Epis·

118 675 208 735 copus
220 664 315 733 potest
327 672 427 714 eorum
443 654 601 731 superioris
613 656 778 714 testimonio
796 654 897 725 tidere,
917 673 1030 730 eosque
1043 659 1153 733 absque
1164 678 1207 719 sx-

118 759 213 815 amine
225 754 376 814 ordinare:
398 753 451 812 sed
463 762 493 813 ct
504 754 573 814 licet
584 771 636 812 eos
650 754 778 814 examini
793 747 964 833 subjicere.¹

157 859 208 914 ts.
229 854 318 913 Nulla
332 862 408 913 certa
421 862 489 911 setas
501 853 693 931 prescribitur
711 872 769 927 qun
781 864 900 913 tonsura
912 862 942 912 ct
953 856 1086 915 minores
1099 856 1207 916 ordines

117 955 325 1032 suscipiantur:
352 962 522 1030 quapropter
546 953 577 1010 in
596 951 760 1029 sagionibus
780 952 940 1013 Catholicis
955 952 1061 1013 dautur
1075 973 1208 1014 nonnum·

118 1072 204 1129 quam
218 1053 326 1130 pneris,
340 1052 390 1125 qui
404 1050 478 1109 haud
492 1053 531 1111 ita
543 1049 654 1129 pridem
666 1067 704 1110 ex
716 1051 836 1111 infantia
849 1063 1048 1112 excesserunt.
1092 1053 1206 1113 Subdin-

118 1164 237 1212 conatns
249 1169 307 1212 non
319 1150 402 1210 datur
414 1151 470 1209 nisi
493 1150 529 1208 iis
548 1150 599 1223 qni
617 1149 789 1226 vigesimum
803 1150 974 1220 secundum,
995 1150 1164 1212 diaconatus
1177 1154 1208 1211 iis

118 1254 168 1326 qui
192 1252 364 1329 Quintum
385 1251 508 1317 tertium,
532 1248 745 1326 presbyteratus
765 1252 800 1308 iis
821 1251 870 1324 qni
882 1250 1059 1327 vigesimum
1081 1253 1207 1325 quintum

119 1368 225 1409 annum
244 1348 394 1427 attigsmnt
406 1343 431 1405 τ’
450 1347 501 1406 sed
522 1349 587 1425 ipso
601 1347 682 1406 initio
700 1351 767 1408 nuni
779 1359 873 1426 potest
887 1347 959 1407 dari.
1001 1350 1137 1428 Triginta
1147 1353 1208 1409 anni

118 1448 325 1527 completiJ‘urs
334 1448 482 1506 communi
493 1448 675 1519 requiruntur
684 1447 720 1505 ad
733 1448 863 1526 episcopi
876 1466 993 1507 munus.
1036 1449 1099 1516 Qui
1110 1449 1209 1523 absque

119 1557 200 1606 etate
219 1546 345 1624 legitima
366 1547 489 1605 scienter
508 1544 663 1613 ordinatur,
677 1547 795 1605 incurrit
806 1547 1029 1624 suspensionem
1044 1559 1206 1626 perpennam

119 1646 207 1723 Papa
220 1637 419 1704 reservatam.³

157 1749 209 1803 tu.
232 1744 272 1804 Ut
284 1744 368 1804 liceat
380 1746 528 1822 suscipere
541 1741 667 1811 ordines,
678 1743 762 1802 debet
774 1744 839 1818 quis
851 1745 993 1814 censuris,
1004 1745 1206 1824 irregularitate

118 1852 147 1902 et
158 1843 221 1903 labe
235 1845 314 1920 gravi
326 1862 391 1903 esse
404 1845 553 1911 immunis,
567 1852 595 1901 et
608 1844 644 1901 iis
657 1845 752 1902 ornari
764 1844 916 1902 virtutibus
929 1863 994 1918 quas
1006 1862 1094 1923 spem
1107 1845 1208 1905 faciunt

116 1944 269 2003 ministerii
282 1943 388 2002 utiliter
401 1941 565 2004 exercendi.
605 1942 665 2010 Qui
682 1943 713 2002 in
725 1950 798 2002 statu
812 1943 922 2021 peccati
935 1943 1082 2021 recipiunt
1094 1944 1205 2004 ordines

116 2045 250 2121 majores,
265 2061 340 2101 novo
353 2052 470 2118 peccato
482 2060 515 2101 sc
535 2040 731 2120 adstringunt:
752 2042 802 2116 qui
822 2042 949 2101 minores
971 2043 1146 2120 suscipiunt,
1159 2061 1206 2121 pru

117 2143 208 2200 animi
221 2141 405 2217 persuasione
415 2139 563 2218 judicandi
576 2149 659 2199 suut:
681 2141 708 2200 si
728 2141 805 2200 enim
825 2159 876 2199 eos
896 2140 1023 2201 habeant
1039 2143 1131 2202 veluti
1151 2161 1206 2201 mu·

117 2254 187 2296 nera
207 2237 407 2306 ecclesiastica,
434 2257 492 2296 uon
512 2238 646 2297 videntur
664 2254 783 2318 pemare
807 2240 981 2301 mortaliter:
1002 2259 1101 2312 secus,
1127 2244 1152 2301 si
1175 2260 1205 2299 es

116 2335 232 2394 credant
244 2354 308 2394 esse
322 2347 509 2394 sacramenta.
1146 2337 1149 2342 '

155 2439 204 2494 80.
227 2435 385 2512 Regulares
408 2434 575 2495 ordinantur
594 2435 676 2496 titulo
696 2439 881 2514 paupertatis,
907 2436 1021 2497 scilieet
1041 2438 1121 2512 qnod
1143 2448 1203 2499 voto

116 2536 289 2615 paupertatis
316 2535 432 2604 emisso,
458 2535 489 2593 fit
507 2554 574 2611 spes
594 2545 670 2594 certa
689 2537 902 2596 sustentationis
930 2555 968 2594 ex
996 2539 1202 2598 communitatis

114 2637 210 2696 bonis.
251 2634 410 2692 Seculares
430 2634 559 2712 indigent
578 2634 669 2703 titulo,
690 2652 741 2692 seu
762 2645 840 2695 certo
864 2634 990 2710 quodam
1007 2636 1140 2696 subsidio
1153 2655 1204 2711 quo

115 2744 317 2801 sustententur,
341 2752 377 2792 ne
398 2754 462 2792 cum
484 2733 592 2792 ordinis
614 2735 688 2791 sacri
711 2731 850 2794 dedecore
871 2734 1036 2794 mendicare
1059 2746 1201 2814 cogantur.

116 2835 219 2893 Statuit
232 2835 338 2911 quippe
353 2833 484 2910 synodus
498 2832 668 2891 Tridentina
682 2834 823 2905 “nequis
837 2833 973 2910 deinceps
984 2833 1109 2893 clericus
1123 2853 1203 2892 sucu·

113 2934 181 2993 laris
196 2976 204 2992 .
220 2975 228 2991 .
245 2977 252 2991 .
267 2932 304 2991 ad
317 2950 413 2991 sacros
428 2932 541 2992 ordines
557 2940 766 3008 promoveatur,
780 2933 836 2990 nisi
849 2933 928 3008 prius
940 2932 1073 3009 legitime
1086 2943 1201 2998 constet,

114 3053 181 3092 euru
196 3033 365 3092 beneficium
380 3032 616 3098 ecclesiasticum,
637 3030 716 3103 quod
736 3031 789 3088 sibi
813 3030 848 3088 ad
868 3033 974 3090 victum
996 3032 1119 3092 honeste
1132 3031 1202 3092 suffi-

114 3134 179 3200 ciat,
201 3132 319 3208 pacifiee
339 3130 520 3207 possidere.”
536 3173 544 3188 .
560 3173 567 3189 .
584 3172 591 3187 .
608 3131 843 3188 “Patrimonium
863 3150 942 3199 vero,
966 3130 1014 3188 vel
1036 3135 1199 3210 pensionem

113 3231 274 3289 obtinentes
296 3230 419 3288 ordinari
442 3229 562 3307 posthae
580 3247 637 3287 non
658 3229 777 3306 possint,
799 3231 855 3287 nisi
879 3230 931 3299 illi,
954 3248 1029 3302 quos
1052 3233 1199 3308 episcopus

109 3327 278 3403 judicaverit
291 3329 478 3386 assumendos
492 3347 545 3404 pro
555 3330 736 3397 necessitate,
749 3328 793 3385 vel
807 3329 1009 3388 commoditate
1020 3332 1198 3390 ecclesiarum

112 3420 276 3482 suarum.”⁴
317 3424 423 3482 Praeter
442 3426 589 3504 beneficii,
603 3437 632 3484 et
639 3427 834 3505 patrimonii,
855 3447 906 3487 seu
920 3430 1064 3488 bonorum
1079 3447 1197 3494 suorum,

112 3541 175 3597 quae
196 3523 385 3581 instrumento
407 3534 484 3582 certo
507 3524 702 3602 designantur,
724 3527 831 3594 titulos,
846 3528 974 3586 invectus
995 3539 1042 3587 est
1063 3530 1196 3589 recentius

110 3622 268 3682 missionis
282 3623 390 3692 titulus,
405 3642 462 3696 quo
476 3624 639 3683 ordinantur
661 3627 710 3699 qui
730 3645 762 3684 se
783 3628 871 3684 sacris
893 3627 1083 3687 missionibus
1097 3638 1196 3687 vacatu-

108 3744 157 3784 ros
166 3725 252 3801 jurati
266 3716 440 3782 affirmaut2⁵
459 3743 513 3782 nec
535 3724 611 3782 euim
632 3724 700 3782 alias
720 3724 788 3784 lieet
807 3744 858 3784 eos
878 3726 1021 3794 ordinare,
1043 3746 1134 3802 quum
1146 3741 1193 3786 uon

109 3835 256 3885 teneantur
269 3824 297 3881 vi
321 3823 488 3883 obedientis
511 3825 713 3902 promissionis
733 3824 769 3882 ad
802 3825 957 3884 missiones
978 3825 1191 3904 amplectendas,

244 4012 287 4076 (l)
306 4009 347 4059 Ex
360 4009 434 4059 Bulla
445 4009 572 4062 Benedicti
583 4007 653 4060 XIV.
662 4009 779 4076 Impositi
789 4008 868 4060 nodis.

243 4097 286 4161 (2)
307 4094 385 4144 Cone.
397 4093 465 4144 Trid.
477 4111 529 4160 cap.
540 4095 583 4147 xii.
787 4096 830 4161 (3)
851 4093 912 4160 Gap.
924 4094 965 4145 vii.
978 4094 1008 4145 ds
1020 4095 1087 4148 alost.

245 4181 287 4245 (4)
306 4178 407 4228 Extrav.
420 4179 460 4228 Pii
470 4180 502 4228 11.
514 4188 529 4213 “
538 4180 604 4229 Cum
614 4195 645 4229 ex
657 4178 804 4229 sucromm.''
824 4194 828 4200 ·

244 4266 286 4328 (ὅ)
308 4262 385 4312 Coun
397 4263 464 4313 Trid.
477 4264 542 4313 Sess
553 4265 606 4314 xxi.
617 4280 669 4329 cap.
680 4265 706 4314 ii.
717 4264 747 4314 de
760 4264 864 4314 Reform.

243 4349 285 4412 (6)
306 4345 382 4396 Cone.
393 4347 457 4395 Balt.
468 4347 502 4396 iii.
515 4348 578 4397 decr.
589 4351 605 4396 i.
