2640 4860
186 376 225 432 88
470 369 528 431 DE
548 368 759 431 MINISTBO
779 366 993 473 ΒΔΗΨ.

186 536 315 600 odicium
327 529 532 599 aceruos-3⁹¹
573 536 677 598 Utrum
691 537 815 596 infidelis
827 536 975 617 baptimo
992 547 1104 617 posset,
1114 539 1274 618 Augustino

186 655 245 698 non
270 637 338 695 satis
371 646 500 697 constare
526 637 620 696 visum
645 629 722 696 est:¹
752 636 804 697 sed
827 632 998 715 prom
1027 647 1156 715 tempore
1182 640 1273 698 omnis

187 734 332 796 dubitandi
345 736 415 795 ratio
427 736 537 797 sublata
547 745 610 805 esta
624 744 796 814 quapropter
808 735 949 797 Nicolaum
961 736 986 796 1.
1001 735 1116 796 edocuit
1125 737 1273 816 Belgams,

185 835 347 913 baptizatos
372 837 538 895 innomine
563 835 676 894 Sancte
701 834 861 904 Trinitatis,
886 836 950 895 sire
975 854 994 893 a
1020 836 1187 904 christiano,
1214 839 1273 896 sire

186 953 309 1014 pagano,
320 935 423 994 iterum
431 935 569 1012 baptizari
583 954 642 995 non
654 932 758 993 debers
766 929 791 992 :³
803 941 824 973 ‘⁸
834 935 901 1009 qula
913 942 945 992 nt
954 933 985 995 N
987 934 1093 995 icolaus
1103 935 1185 1013 Papa
1192 935 1274 994 dicit:

184 1035 346 1112 baptismus
358 1053 417 1095 nou
439 1042 484 1094 cst
502 1035 627 1103 illorum,
649 1033 759 1093 scilicet
777 1033 994 1112 baptizantium,
1014 1034 1065 1094 sed
1077 1036 1154 1113 ejus,
1168 1035 1277 1094 scilicet

188 1127 349 1193 Christi-”⁴

228 1237 276 1293 lb.
298 1234 402 1293 Utrum
413 1233 499 1292 liccat
510 1231 584 1291 laico
597 1250 635 1292 cx
655 1231 822 1300 sacerdotis,
835 1231 881 1291 vel
894 1233 1025 1310 episcopi
1038 1233 1132 1302 venia,
1153 1232 1275 1292 infantes

187 1332 343 1412 baptizare,
358 1333 396 1392 ob
408 1331 572 1391 communia
584 1333 649 1390 vite
669 1329 843 1400 discrimina,
863 1332 912 1390 ubi
933 1332 1091 1393 sacerdotis
1112 1333 1200 1410 copia
1220 1351 1277 1391 non

186 1442 240 1502 est,
254 1431 456 1505 inquirendum
475 1430 608 1490 occurrit.
649 1429 812 1491 censemus
832 1431 1011 1508 negandum
1032 1450 1099 1491 nam
1118 1439 1147 1490 et
1166 1440 1275 1509 patrum

186 1533 349 1590 testimonia
361 1530 397 1589 de
410 1530 586 1608 periclitante
600 1541 628 1589 ct
641 1530 764 1607 perituro
783 1529 947 1602 loquuntur,
968 1540 998 1590 et
1010 1530 1151 1590 Ecclesiae
1166 1530 1276 1590 decreta

185 1628 220 1688 de
233 1629 333 1689 eadem
347 1631 515 1688 necessitate
527 1630 611 1707 plane
624 1639 720 1707 agunt.
742 1628 793 1689 Sic
803 1628 955 1707 Eugenins
969 1630 1049 1706 Papa
1061 1629 1131 1689 dicit
1144 1637 1165 1666 ‘⁴
1175 1630 1272 1691 mortis

184 1729 354 1788 imminente
380 1730 518 1806 periculo,
544 1728 723 1807 baptizentur
746 1729 831 1787 etiam
859 1747 910 1806 per
933 1728 1073 1789 laicum.’'
1128 1729 1274 1804 Equidem

185 1846 299 1889 sacrum
319 1812 510 1889 ministerium
533 1838 654 1887 nonest
673 1827 758 1888 facile
779 1846 796 1886 a
813 1815 887 1887 laico
907 1828 1114 1907 usurpandum,
1134 1838 1165 1886 et
1184 1847 1273 1887 sacra·

184 1930 276 1991 mnti
289 1929 413 2008 indigna
437 1928 593 1987 tractationi
615 1927 648 1984 fit
665 1927 759 1994 locus,
781 1924 848 1986 dum
868 1926 967 1997 laicus,
991 1929 1037 1987 cui
1059 1929 1145 2005 copia
1158 1946 1219 1987 non
1232 1937 1273 1985 est

184 2028 350 2096 sacerdotis,
370 2028 515 2103 delegatur
534 2025 570 2082 ad
591 2025 811 2103 baptizandum
832 2026 883 2084 vix
902 2029 981 2086 enim
1000 2029 1124 2087 animam
1137 2027 1274 2087 mundam

184 2127 309 2184 servabit
321 2126 357 2183 ad
370 2132 477 2183 tanturn
489 2141 604 2182 munus.
647 2125 682 2183 Si
700 2125 786 2203 igitur
804 2125 939 2186 sacerdos
952 2127 1068 2186 nonnisi
1080 2136 1147 2204 post
1158 2144 1272 2186 meuses

184 2224 293 2295 aliquot
312 2232 356 2281 est
373 2240 549 2289 reversurus,
575 2240 635 2281 uon
656 2222 722 2282 ideo
740 2223 838 2283 licebit
862 2225 985 2285 infantes
1005 2227 1055 2300 qui
1076 2225 1194 2286 iuterim
1213 2245 1273 2285 nas·

184 2334 295 2390 cuntur,
311 2321 455 2399 baptizare
470 2321 576 2395 absque
590 2321 764 2393 discrimine,
784 2322 837 2382 sed
854 2343 905 2385 eos
918 2333 1026 2385 mutum
1041 2324 1134 2398 quiin
1146 2325 1273 2403 periculo

184 2429 341 2480 versantur.
383 2418 463 2480 Idem
478 2439 630 2480 censemus
643 2421 807 2493 dicendum,
821 2425 934 2485 etiamsi
946 2423 1025 2484 nulla
1036 2425 1111 2484 sacri
1124 2425 1273 2485 ministerii

183 2522 214 2581 in
240 2532 386 2600 posterum
413 2519 546 2598 affulgeat
565 2540 650 2600 spes;
670 2541 724 2581 nec
749 2523 827 2583 enim
846 2524 911 2585 ullo
936 2522 1108 2583 documento
1133 2525 1271 2584 Ecclesia

182 2621 345 2690 didicimus,
371 2620 475 2679 laicum
501 2639 588 2698 posse
613 2621 742 2700 deputari
773 2622 809 2681 ad
839 2622 1042 2700 baptizandum
1067 2632 1149 2683 extra
1175 2624 1270 2684 mortis

183 2721 354 2800 periculum.
396 2720 455 2780 Sed
469 2739 527 2794 quo
540 2722 633 2780 minor
651 2730 696 2780 est
713 2739 781 2799 spes
801 2722 955 2782 sacerdotis
968 2723 1127 2791 adventuri,
1140 2733 1272 2800 putamus

184 2824 280 2882 minus
291 2820 450 2898 periculum
463 2820 594 2880 sufficere
614 2832 645 2880 ut
657 2822 747 2881 laicus
760 2821 902 2899 baptizet:
923 2841 977 2882 uec
989 2821 1200 2900 expectandam
1212 2840 1273 2880 esse

183 2923 282 2982 mortis
296 2922 414 2989 horam;
435 2920 486 2980 sed
506 2922 532 2980 si
551 2922 667 2981 morbus
681 2921 841 3000 periculum
854 2923 955 2982 mortis
968 2921 1078 2991 afferat,
1099 2923 1274 3000 baptismum

183 3022 412 3082 ministrandum.
468 3021 589 3080 “Licita
614 3021 741 3091 autem‚'’
762 3022 856 3095 inquit
881 3022 913 3079 S.
940 3021 1118 3100 Alpheusus,
1145 3024 1274 3096 “nequit

183 3121 341 3197 baptismus
367 3119 520 3180 ministrari
546 3121 581 3178 ab
607 3121 674 3189 alio,
701 3139 824 3193 quamn
849 3121 994 3180 sacerdote
1019 3131 1100 3179 extra
1125 3120 1274 3181 articulum

183 3219 293 3285 mortis,
316 3227 348 3275 ut
369 3217 408 3274 D.
433 3216 562 3275 Thomas
584 3216 661 3276 dicit.
683 3237 732 3290 qu.
754 3222 793 3278 ct
807 3229 849 3277 art
861 3224 880 3278 2
894 3229 922 3278 et
934 3224 963 3279 3.
978 3239 1016 3279 ex
1030 3218 1068 3278 C.
1084 3219 1218 3289 Constat,
1239 3220 1272 3278 de

183 3333 312 3377 consecr.
327 3315 366 3375 D.
381 3319 410 3373 4.
424 3316 474 3373 ubi
487 3315 520 3373 S.
541 3314 668 3374 Isidorus
682 3317 735 3374 ait:
758 3316 898 3377 ‘Constat
910 3321 1053 3397 baptisma
1065 3339 1082 3378 a
1095 3319 1166 3379 solis
1180 3339 1272 3378 sacer·

184 3415 296 3474 dotibus
319 3431 384 3472 esse
405 3413 597 3472 tractandum:
619 3414 750 3493 ejusdem
769 3418 957 3479 ministerium
978 3438 1031 3478 nec
1051 3419 1124 3496 ipsis
1146 3418 1273 3480 diaconis

183 3514 301 3592 explere
321 3522 365 3571 est
382 3512 493 3572 licitum
506 3514 615 3586 absque
626 3515 763 3592 episcopo
776 3517 822 3576 vel
834 3519 1021 3598 presbytero;
1042 3519 1099 3577 nisi
1112 3518 1157 3577 his
1171 3520 1271 3597 procul

184 3613 356 3681 absentibus,
370 3611 470 3671 ultima
482 3612 627 3690 languoris
640 3617 797 3674 necessitas
811 3626 904 3694 cogat.
945 3616 1033 3686 Quod
1046 3629 1075 3676 et
1087 3618 1173 3676 laicis
1184 3619 1272 3678 fideli·

184 3718 236 3775 bus
249 3715 416 3793 plerumque
437 3702 615 3790 permittitur,
636 3732 672 3772 ue
694 3717 846 3790 quisquam
866 3717 930 3776 sine
949 3717 1078 3776 remedio
1099 3717 1218 3778 salutari
1237 3717 1270 3776 de

184 3815 288 3876 seculo
301 3812 456 3874 evocetur.’
499 3812 591 3872 Extra
611 3813 698 3890 igitur
717 3816 816 3875 mortis
837 3817 995 3885 articulum,
1016 3818 1079 3877 sive
1099 3819 1268 3895 periculum,

183 3926 215 3974 ut
234 3926 310 3976 recte
330 3915 428 3976 dicunt
449 3912 701 3984 Salmanticeuses,
721 3915 757 3974 de
778 3915 862 3993 Bapt.
877 3935 904 3977 c.
918 3920 948 3975 4.
962 3935 992 3975 n.
1009 3918 1269 3987 16.eumaliis,in

417 4082 460 4150 (l)
479 4082 513 4132 iii.
524 4098 548 4147 p.
560 4098 602 4146 qu.
612 4082 680 4132 lxvii.
692 4089 728 4132 art
746 4083 778 4132 iv.
811 4147 813 4151 ι

418 4170 460 4232 (2)
480 4167 510 4216 L.
520 4168 546 4218 ii.
557 4174 640 4221 contm
651 4183 689 4232 ep.
701 4169 865 4219 Parmenioni.

421 4254 463 4316 (³)
482 4252 513 4301 ln
523 4269 586 4318 resp.
597 4253 628 4304 ad
639 4255 749 4305 consulta
760 4253 922 4316 Bulgaromm
933 4269 986 4320 esp.
996 4254 1042 4306 civ.

418 4337 461 4399 (4)
480 4336 555 4399 Apud
565 4338 592 4388 S.
600 4338 731 4400 Thomom,
742 4338 788 4391 ubi
797 4354 878 4406 suspro
886 4340 918 4390 ad
937 4341 959 4387 1.
