2640 4860
9 1934 13 1939 ’
113 1943 337 2010 incontinentia,
353 1942 398 1999 vel
411 1941 466 1998 alia
478 1940 598 1999 honesta
611 1959 706 1999 causa.

109 398 169 453 812
385 387 443 447 DE
465 384 646 447 OFFICIIS
666 382 918 447 CONJUGUM.

108 559 191 619 tasilo
204 554 363 634 periculum
377 552 574 613 consentiendi
585 554 614 611 in
623 552 841 611 delectationem
850 551 887 611 dc
896 551 1003 631 copula
1008 573 1075 613 cum
1083 556 1189 633 conjuge

109 651 248 717 olicna.”¹

148 760 199 817 79.
220 753 256 813 Ιιι
275 753 342 811 loco
362 771 443 810 sacro
462 752 565 828 copula
589 749 719 809 habenda
737 768 795 810 noo
815 759 870 820 ost,
889 760 973 811 extra
992 754 1190 820 morositatem,

109 874 174 929 quoa
188 854 327 930 contingit
339 852 465 910 exercitu
480 853 508 910 in
522 851 645 909 ccclesia
658 850 828 909 diversante.

151 958 202 1012 80.
224 952 259 1011 in
280 951 381 1010 diebus
407 950 526 1018 festivis,
541 960 570 1008 et
587 950 701 1027 jejunii,
715 949 885 1009 abstinentia
905 950 941 1008 ab
958 966 1049 1027 opero
1074 950 1191 1029 conjugii

111 1051 346 1118 commendatur;
360 1048 412 1107 sed
426 1049 532 1108 nullam
546 1050 633 1108 violat
644 1049 738 1125 legem
751 1050 802 1121 qui
815 1066 850 1106 eo
863 1049 976 1108 fruitur.

151 1155 201 1210 81.
222 1150 356 1209 Graviter
380 1166 584 1220 nonnunquam
612 1148 766 1225 arguebant
790 1156 884 1224 patres
909 1147 1031 1209 maritos
1062 1148 1192 1207 uxoribus

112 1250 323 1328 praegnantibus
339 1247 416 1306 haud
431 1258 595 1325 parcentes:
616 1245 667 1304 scd
680 1264 797 1325 gravem
810 1247 925 1323 culpam
944 1246 977 1307 in
995 1247 1192 1307 consuetudine

111 1350 167 1408 hac
180 1367 237 1408 non
255 1356 414 1426 agnoscunt
432 1346 558 1423 theologi
577 1347 723 1422 plerique:
745 1364 812 1403 nam
832 1346 947 1406 abortus
971 1346 1053 1421 quod
1071 1347 1192 1423 objicitur

112 1449 269 1526 periculum
295 1454 413 1523 negatur
439 1463 514 1512 csse,
538 1464 626 1518 quum
652 1444 763 1504 semino
784 1453 899 1522 recepto
922 1445 1072 1504 claudatur
1100 1445 1193 1503 matrix

59 1598 74 1621 ,
112 1549 281 1613 arctissime,
295 1544 370 1604 haud
384 1544 466 1603 facilc
480 1544 555 1602 coitu
576 1544 675 1602 iterato
694 1542 857 1621 aperienda.
899 1545 967 1611 Quo
980 1545 1075 1623 magis
1095 1542 1193 1602 accedit
1228 1584 1238 1603 ·.

112 1655 227 1722 tompus
240 1643 378 1721 pariendi,
393 1645 534 1701 eominus
548 1653 591 1701 est
610 1643 778 1719 periculum,
793 1660 860 1701 nam
874 1643 959 1701 foetus
979 1645 1018 1702 ita
1037 1634 1193 1702 secundinis

113 1744 277 1812 involvitur,
291 1754 322 1802 ut
334 1762 401 1801 sum
415 1761 471 1801 non
486 1742 579 1820 possit
590 1760 689 1800 semen
708 1743 885 1818 contingere.
927 1741 1017 1801 Gotre
1028 1751 1192 1800 tamencum

112 1852 275 1921 praegnante
290 1844 322 1901 S.
338 1841 488 1919 Alphonso
500 1841 611 1900 videtur
620 1842 706 1918 culpa
718 1840 847 1909 venialis,
859 1850 879 1878 “
890 1842 948 1907 nisi
958 1842 1034 1900 adsit
1045 1841 1193 1918 periculum

709 1932 745 1967 ”2

152 2046 203 2100 82.
224 2041 365 2099 “Florus
385 2040 514 2098 molieris
541 2041 614 2098 alius
640 2048 684 2098 est
701 2040 838 2098 naturalis
858 2049 886 2098 ct
909 2039 1086 2108 ordinarius,
1103 2049 1130 2097 et
1148 2040 1194 2098 iste

113 2141 227 2217 proprio
245 2139 348 2198 dicitur
361 2147 533 2204 menstruus,
547 2140 614 2211 quia
627 2139 816 2198 communiter
828 2139 950 2216 singulis
970 2141 1118 2199 mensibus
1132 2139 1196 2196 solet

112 2240 141 2298 in
163 2239 276 2297 feminis
296 2236 434 2303 accidere,
448 2248 478 2294 et
490 2238 581 2304 durat,
594 2248 626 2295 ut
643 2239 808 2314 plurimum,
823 2256 874 2314 per
890 2239 963 2298 duos
985 2239 1032 2296 vel
1053 2249 1110 2298 tres
1130 2238 1195 2299 diss.

112 2337 194 2395 Alius
219 2334 469 2403 extraordinarius,
491 2338 665 2412 proveniens
684 2357 723 2395 ex
744 2338 841 2410 aliquo
863 2340 964 2397 morbo
990 2337 1136 2406 diuturno,
1153 2338 1196 2410 qui

112 2434 263 2509 aliquando
277 2433 358 2493 durat
375 2434 517 2507 usquead
537 2435 688 2494 duodecim
701 2435 762 2494 dies
776 2446 804 2494 et
815 2437 897 2494 ultra.
939 2437 1090 2514 Tempore
1107 2437 1195 2495 durus

112 2534 327 2594 extraordinarii
341 2547 449 2592 certum
458 2545 502 2593 est
514 2536 601 2593 licere
610 2546 666 2594 tam
680 2535 796 2594 reddere
806 2554 890 2607 quam
900 2532 1049 2614 petere.”³
1075 2538 1196 2595 Durante

112 2637 193 2695 fluxu
219 2648 356 2693 consueto
382 2635 500 2692 venialis
526 2635 638 2693 videtur
659 2635 743 2709 culpa
768 2635 855 2702 coire,
870 2637 938 2708 quia
960 2635 1025 2693 talis
1046 2637 1138 2694 coitus
1158 2648 1198 2694 cst

112 2737 208 2794 minus
234 2744 315 2811 aptus
341 2736 527 2811 generationi,
549 2753 638 2807 quum
659 2733 772 2791 semina·
793 2734 887 2792 minus
909 2736 947 2792 sit
972 2735 1078 2794 idonea
1097 2736 1196 2794 semini

112 2835 275 2893 retinendo:
310 2845 484 2909 quapropter
515 2845 627 2908 tempus
660 2833 860 2909 opportunius,
888 2834 968 2891 brevi
1002 2834 1195 2901 adventurum,

113 2934 322 3011 expectandum
345 2934 426 2991 soret.
469 2932 683 2991 “Conveniunt
703 2942 797 2991 autem
813 2974 916 2990 .....
931 2933 1011 3005 quod
1036 2934 1147 2992 nullum
1165 2937 1198 2992 sit

113 3045 262 3110 peccatum
276 3035 353 3092 coire
367 3033 414 3090 tali
428 3042 565 3109 tempore,
579 3033 603 3089 si
619 3030 691 3089 adsit
705 3033 800 3105 aliqua
812 3051 897 3089 causa
910 3032 1116 3108 turpitudinem
1127 3033 1198 3092 illam

113 3133 313 3202 cohonestans,
328 3151 431 3208 nempe
452 3130 487 3189 ad
507 3131 621 3189 vitanda
640 3129 768 3198 dissidia,
783 3141 830 3188 aut
852 3132 1090 3190 incontinentiam
1110 3132 1140 3191 in
1158 3152 1195 3200 se,

112 3233 158 3289 vel
172 3233 200 3289 in
218 3234 316 3300 altero,
331 3241 377 3288 aut
390 3231 444 3288 alia
457 3230 594 3288 similia.”
636 3231 675 3287 At
696 3232 720 3288 si
740 3231 818 3288 nulla
837 3231 874 3287 sit
893 3249 979 3287 causa
998 3232 1195 3299 cohonestare,

111 3330 237 3404 negatS.
252 3330 545 3405 Alphonsusuxorem
560 3348 655 3405 posse,
671 3332 777 3402 absque
788 3329 993 3405 culpavcniali,
1004 3331 1196 3407 obtemperare

112 3428 213 3485 marito
227 3428 332 3485 coitum
346 3428 462 3501 petenti,
477 3446 543 3485 nam
557 3437 635 3485 actus
649 3429 711 3504 ipsc
723 3429 899 3487 inordinatus
914 3436 967 3486 est.

150 3531 200 3584 83.
222 3527 293 3585 Post
312 3534 423 3602 partum
447 3526 619 3597 aliquamdiu
644 3546 660 3584 a
679 3529 754 3586 coitu
768 3537 811 3585 est
830 3526 1046 3586 abstinendum:
1068 3530 1196 3590 estc'nim

113 3626 242 3699 quaedam
269 3624 447 3686 indecentia:
471 3625 571 3683 “Nisi
597 3628 772 3703 purgationis
803 3637 913 3702 tempus
943 3627 1023 3703 prius
1050 3628 1196 3695 transierit,

112 3729 181 3785 viris
196 3727 255 3784 suis
269 3745 327 3787 non
347 3726 452 3784 debent
471 3725 622 3784 admisceri
634 3724 666 3793 ;”
679 3727 719 3784 uti
734 3727 818 3784 tradit
831 3725 863 3782 S.
880 3725 1039 3802 Gregorius
1062 3722 1124 3785 M.⁴
1143 3727 1197 3785 Sed

112 3829 231 3886 venialis
246 3829 413 3904 plerumque
427 3837 558 3884 censetur
571 3825 664 3902 culpa,
678 3824 735 3883 nisi
748 3825 904 3901 periculum
919 3825 1014 3900 gravis
1029 3825 1122 3885 morbi
1135 3825 1195 3886 inde

112 3925 269 3995 immineat,
283 3927 324 3984 uti
337 3926 476 4001 contingit
484 3925 650 3984 coeuntibus
665 3925 765 3982 codem
780 3924 823 3981 vel
838 3925 969 3998 sequenti
983 3923 1042 3983 die.

151 4029 201 4083 84.
222 4027 360 4103 Proprius
373 4024 439 4083 finis
453 4026 507 4084 sibi
517 4024 719 4103 proponendus
733 4024 762 4082 in
775 4042 931 4100 congressu
945 4025 1047 4084 marito
1061 4025 1194 4103 estprolis

216 4247 258 4309 (l)
278 4245 305 4294 8.
316 4245 391 4309 Alph.
404 4247 420 4295 l.
431 4246 463 4296 vi.
475 4262 500 4295 n.
512 4248 570 4295 914.
831 4248 872 4312 (2)
892 4245 993 4306 Ibidem,
1004 4263 1030 4296 n.
1042 4249 1101 4297 924.

217 4329 259 4393 (3)
279 4327 378 4390 Ibidem,
389 4346 414 4378 n.
427 4333 484 4379 925.
823 4337 866 4400 (4)
886 4332 916 4381 C.
928 4332 971 4380 fin.
983 4331 1047 4382 Dior.
1058 4349 1081 4380 ι.
