2640 4860
986 228 1002 263 4

364 276 422 339 DE
442 278 570 339 Mlsss
588 277 867 341 APPLIOANDA.
1095 286 1153 343 125

59 441 226 501 conditione
245 442 356 503 adnexa
375 442 515 505 offerendi
534 447 643 506 Missas
666 464 719 525 pro
737 447 801 526 ejus
821 447 925 517 anima,
951 447 1071 508 intentio
1089 449 1153 526 ejus

58 540 259 618 investiganda
272 551 331 601 est:
354 544 380 602 si
399 545 477 604 enim
491 545 547 603 sibi
567 546 646 605 visus
667 545 705 603 sit
716 546 901 622 proposuisse
914 547 1060 625 precipue
1073 565 1152 608 com·

57 641 201 710 munitati,
216 642 262 700 vel
275 641 417 703 sacerdoti
429 645 592 714 subvenire,
603 645 760 704 Missarum
775 663 911 704 numerus
925 646 1038 706 arbitrio
1052 664 1153 709 eorum

57 739 219 816 permissus
233 742 411 801 censebitur:
434 761 518 801 secus
541 743 567 802 si
587 763 646 802 sue
666 742 751 802 saluti
771 744 927 821 presertim
948 745 1067 804 voluerit
1085 764 1153 807 con·

58 838 164 907 sulere,
179 839 336 900 Missarum
350 840 557 902 celebratione:
578 852 646 902 tune
665 842 742 902 enim
756 844 913 903 Missarum
925 862 1060 904 numerus
1069 847 1154 923 juxta

56 948 229 997 consuetum
242 941 418 1017 stipendium
432 940 612 1001 definiendus
632 943 694 1011 erit,
715 942 773 1000 nisi
800 941 876 1001 aliud
889 943 1039 1022 episeopo,
1052 943 1151 1005 habita
1194 968 1197 973 ·

58 1038 170 1096 ratione
183 1057 296 1098 morum
310 1041 446 1118 regionis,
460 1041 597 1101 videatur.
1159 1050 1174 1121 Ἰ
1219 1042 1230 1061 ““

100 1141 171 1195 151.
194 1138 253 1206 Qui
266 1138 480 1216 eleemosynam
494 1141 612 1218 accepit,
634 1140 719 1198 debet
739 1141 863 1200 Missam
883 1139 1026 1200 celebrare
1038 1159 1090 1217 pro
1103 1140 1152 1201 de·
1203 1124 1206 1135 Ι

58 1235 176 1304 iunctis,
191 1238 237 1297 vel
250 1239 385 1307 votivam,
405 1240 453 1299 vel
476 1240 556 1308 alias,
570 1249 654 1316 prout
666 1240 768 1318 petivit
786 1239 922 1308 donator;
942 1248 971 1298 et
990 1241 1017 1298 si
1038 1239 1152 1300 obstent

59 1334 207 1405 Rubricoe,
234 1336 318 1397 debet
336 1357 404 1397 eum
424 1357 552 1398 monere.
595 1339 738 1398 Ceterum
754 1339 833 1417 justa
853 1338 888 1397 de
914 1357 999 1398 causa
1017 1341 1152 1416 poterita

59 1436 200 1511 petitione
221 1436 399 1511 aliquatenus
418 1438 561 1508 recedere,
582 1439 754 1498 voluntatem
777 1439 899 1514 petentis
920 1457 1000 1512 oeque
1013 1439 1151 1516 interpre-

60 1543 133 1592 tans.
178 1534 285 1595 “Cum
306 1537 402 1596 multe
416 1537 517 1597 Missae
538 1538 639 1597 votivae
660 1538 718 1595 sint
737 1545 868 1614 accepta,
890 1547 918 1594 et
937 1555 995 1597 non
1008 1537 1152 1598 sufficiant

59 1630 121 1690 dies
135 1652 196 1692 non
209 1635 340 1712 impediti
361 1646 482 1713 possunt
501 1636 638 1715 applicari
657 1635 759 1695 Missae
778 1644 936 1705 currentes,
956 1646 988 1695 ut
1000 1635 1152 1696 declaravit

59 1731 91 1788 S.
109 1731 147 1790 C.
166 1736 202 1791 19
216 1735 288 1812 Maji
305 1735 415 1794 1514.”
456 1736 603 1811 Equidem
616 1734 746 1794 voluntas
760 1734 900 1793 Ecclesia
913 1734 1090 1812 preferenda
1108 1743 1152 1794 est

55 1829 196 1890 voluntati
208 1832 301 1893 dantis
314 1836 541 1912 eleemosynam,
564 1836 614 1909 qui
633 1834 766 1892 sacrificii
780 1833 902 1893 fructum
915 1833 1064 1911 percipiet,
1084 1834 1151 1892 lieet

57 1948 159 2005 preces
172 1930 291 1992 diversae
305 1930 389 1995 sint.¹

100 2033 170 2088 152.
192 2031 332 2094 Reduetio
345 2033 458 2093 numeri
477 2024 635 2092 Missamm
653 2051 716 2106 quoe
738 2032 769 2091 in
790 2039 957 2092 testamento
978 2033 1150 2109 praeseriptae

56 2139 132 2197 sunt,
147 2130 194 2188 vel
208 2131 237 2190 in
251 2131 415 2193 fundatione
429 2134 581 2211 impositae,
595 2131 709 2192 nonnisi
729 2134 897 2192 auctoritate
922 2131 1072 2192 Pontifieis
1085 2131 1150 2190 fieri

56 2222 180 2302 potest'

100 2331 168 2386 153.
191 2329 354 2406 Applicatio
368 2332 469 2390 Missae
489 2328 619 2390 iacienda
638 2339 683 2389 est
700 2330 748 2388 vel
770 2338 834 2388 ante
857 2331 994 2398 Missam,
1015 2329 1146 2388 velante

57 2429 315 2499 consecrationem,
328 2431 374 2490 vel
387 2432 418 2489 in
431 2431 493 2507 ipsa
503 2431 730 2489 consecratione:
752 2436 886 2486 ceterum
895 2428 1045 2487 habitualis
1058 2429 1150 2486 inten-

57 2528 97 2585 tio
111 2527 225 2586 videtur
238 2528 378 2599 sufficere,
393 2529 465 2588 adeo
479 2539 511 2589 ut
524 2529 573 2603 qui
585 2547 637 2605 per
647 2547 777 2588 mensem
792 2527 925 2594 celebret,
940 2544 978 2584 ex
991 2526 1148 2584 intentione

56 2628 163 2701 praevia
183 2628 347 2704 applicandi
367 2631 474 2690 Missas
492 2629 555 2688 illas
579 2628 702 2696 cuidam,
726 2645 825 2687 revera
843 2624 1007 2692 satisfaciat,
1033 2623 1101 2682 licet
1120 2624 1151 2682 in

56 2726 128 2800 ipsis
143 2727 185 2784 nil
199 2725 234 2784 de
248 2746 283 2786 eo
296 2729 411 2807 cogitet.
454 2728 513 2787 Sed
533 2729 558 2786 si
578 2728 642 2801 quis
655 2727 734 2786 nullo
746 2727 854 2804 praevio
867 2724 1016 2803 proposito
1029 2724 1148 2792 emisso,

56 2827 175 2884 nonnisi
189 2835 256 2902 post
268 2830 512 2888 consecrationem
532 2827 637 2903 cogitet
655 2825 690 2884 de
713 2827 808 2886 Missa
820 2823 1000 2902 applicanda,
1017 2824 1079 2899 jam
1091 2840 1150 2881 non

55 2928 161 3000 poterit
187 2944 250 2984 eam
278 2929 441 3004 applicare:
463 2927 508 2986 vel
528 2927 629 2986 saltem
652 2943 711 2985 non
732 2923 892 2985 censendus
912 2933 957 2983 est
976 2921 1149 2980 satisfecisse

56 3025 148 3082 oneri.
192 3025 222 3083 N
224 3044 262 3084 on
276 3027 382 3099 sufficit
395 3027 512 3086 intentio
525 3025 637 3085 cuidam
648 3043 685 3083 ex
698 3025 826 3102 pluribus
840 3024 963 3083 Missam
977 3020 1148 3100 applicandi,

55 3122 106 3181 sed
123 3120 319 3182 determinari³
339 3125 424 3184 debet
436 3144 567 3203 persona,
582 3125 712 3196 quamvis
732 3138 850 3184 necesse
869 3142 929 3183 non
941 3124 979 3182 sit
990 3131 1022 3182 ut
1033 3122 1150 3181 nomine

57 3222 230 3282 innotescat.
253 3224 283 3282 H
288 3243 328 3283 aec
341 3225 495 3284 studiosius
508 3225 656 3284 retulimus
672 3234 704 3283 ut
716 3225 745 3284 in
758 3232 835 3284 tanto
848 3222 995 3285 offerendo
1008 3221 1150 3282 sacrificio

53 3323 134 3382 nulla
148 3325 239 3400 turpis
252 3324 323 3382 lucri
335 3325 414 3383 labes
427 3325 593 3401 reperiatur.

263 3517 306 3581 (1)
325 3514 389 3564 Vide
401 3514 426 3563 S.
438 3514 513 3580 Alph.
525 3514 541 3563 l.
552 3514 584 3564 vi.
594 3529 619 3562 n.
630 3515 689 3562 422.

261 3602 303 3666 (2)
323 3599 364 3650 Ex
376 3600 438 3650 decr.
450 3599 476 3648 S.
490 3598 520 3648 G.
533 3598 638 3648 Consilii
649 3599 764 3663 probante
776 3597 875 3647 Urbano
886 3596 955 3644 Vlll.

262 3684 305 3749 (3)
325 3682 352 3731 S.
367 3683 441 3747 Alph.
451 3683 467 3732 l.
480 3682 511 3732 vi.
523 3699 548 3732 n.
560 3684 619 3730 335.
