2640 4860
108 398 168 455 260
476 390 619 450 CAPUT
640 388 824 450 UNICUM.

116 571 146 620 et
157 559 222 618 ideo
235 557 270 615 ad
290 557 479 634 legislatorem
493 559 617 634 pertinet
628 575 727 616 eorum
748 557 903 615 institutio:
919 564 948 612 et
964 555 1080 622 iterum,
1095 553 1156 626 quia
1166 569 1197 611 ex

116 658 292 718 institutione
305 657 462 715 efficaciam
472 656 588 725 babent,
603 675 666 729 quse
680 657 723 714 eis
736 654 853 714 nonnisi
867 653 1003 712 divinitus
1015 647 1137 712 inest.”¹
1230 692 1233 701 Δ

155 763 185 815 2.
207 757 358 814 Materiam
379 755 467 833 hujus
487 756 656 814 sacramenti
673 756 769 814 oleum
788 771 853 813 esse
873 772 910 811 ex
933 753 1030 810 verbis
1054 753 1088 810 S.
1109 749 1199 810 Jacobi

116 858 224 929 liquet:
240 863 300 913 “et
312 856 379 927 quia
393 855 488 912 oleum
502 853 695 931 principaliter
707 855 870 912 nominatur
879 852 961 911 olivae
969 853 1077 924 liquor,
1086 869 1149 910 cum
1158 849 1200 907 alii

117 956 245 1028 liquores
259 954 352 1013 solum
367 973 404 1012 ex
418 954 604 1012 similitudine
618 951 653 1011 ad
666 954 771 1030 ipsum,
785 953 842 1011 olei
851 970 955 1011 nomen
970 951 1129 1028 accipiant3
1143 948 1200 1008 ideo

116 1055 213 1114 oleum
234 1053 316 1110 olivas
330 1054 414 1110 etiam
438 1052 521 1112 debet
540 1072 614 1120 csse,
629 1052 706 1125 quod
727 1052 880 1110 assumitur
901 1052 932 1109 in
952 1052 1103 1108 materiam
1121 1049 1200 1124 hujus

117 1143 335 1211 sacramenti.”²
375 1151 497 1209 Constat
510 1152 589 1219 illud,
603 1151 703 1209 saltem
717 1169 754 1208 ex
774 1161 918 1227 praecepto
936 1148 1093 1218 Ecclesiae,
1107 1147 1201 1205 debere

117 1271 181 1311 esse
196 1251 380 1328 abepiscopo
395 1250 591 1311 benedictum:
610 1263 703 1309 utrum
717 1261 811 1309 autem
826 1248 856 1308 id
869 1249 903 1307 ad
917 1249 1075 1306 essentiam
1088 1247 1203 1306 reteren-

115 1351 184 1410 dum
197 1351 244 1418 sit,
259 1349 426 1426 disputatur.
469 1350 560 1408 Posse
575 1350 727 1408 Summum
742 1349 911 1409 Pontificem
926 1348 1061 1424 delegare
1070 1345 1202 1406 sacerdoti

115 1449 304 1509 benedicendi
317 1449 413 1507 oleum
426 1449 585 1507 facultatem
601 1449 742 1526 colligitur
754 1467 791 1507 ex
804 1449 992 1507 concessione
1006 1446 1115 1524 pluries
1124 1446 1200 1511 sacta,

116 1568 180 1622 quae
194 1547 270 1608 lrand
284 1559 389 1609 temere
409 1547 483 1606 facta
496 1547 639 1607 censenda
651 1543 727 1606 est:³
746 1549 792 1608 cui
805 1549 890 1610 etiam
905 1545 1080 1624 suffragatur
1094 1546 1201 1604 Graeco

115 1667 180 1706 rum
194 1648 381 1715 consuetudo,
397 1647 472 1724 apud
492 1667 565 1721 quos
585 1647 746 1705 sacerdotes
760 1646 829 1705 illud
848 1646 1017 1723 perficiunt3
1040 1645 1118 1719 quod
1131 1643 1201 1703 nullo

115 1757 200 1823 pacto
213 1748 322 1813 liceret,
339 1749 364 1805 si
386 1748 423 1804 ita
436 1748 566 1825 episcopi
580 1757 665 1815 esset,
679 1759 711 1804 ut
723 1764 904 1820 nequaquam
919 1754 1020 1821 posset
1033 1743 1201 1822 presbyteris

116 1847 334 1905 communicari.
376 1846 560 1905 Sacerdotem
572 1855 665 1904 autern
679 1846 772 1904 Latini
786 1846 857 1903 ritus
866 1863 1025 1918 numquam
1039 1843 1200 1902 debereboc

115 1964 219 2004 munus
241 1946 296 2003 sibi
317 1964 456 2020 arrogare,
477 1946 629 2019 nequidem
652 1947 789 2022 episcopo
815 1945 962 2021 probante,
977 1952 1102 2012 constat,
1122 1959 1201 2016 quum

116 2044 231 2102 Summi
252 2044 400 2102 Pontificis
423 2046 461 2100 sit
480 2044 611 2122 delegare
637 2044 711 2102 hanc
731 2044 911 2103 facultatem:
940 2061 1027 2116 quam
1049 2041 1200 2102 sacerdotes

117 2142 213 2200 Graeci
226 2162 263 2200 ex
284 2142 447 2216 patriarchae
468 2143 565 2201 forsan
586 2144 632 2200 cui
653 2143 816 2203 immediate
837 2142 1064 2220 subjiciebantur
1076 2143 1167 2208 venia,
1179 2148 1202 2197 et

117 2260 154 2298 ex
174 2241 318 2316 pontificis
344 2241 435 2314 ipsius
462 2241 647 2321 indulgentia,
674 2262 730 2317 qua
752 2241 951 2302 consuetudini
979 2251 1101 2301 vetustae
1126 2241 1202 2300 robur

119 2338 258 2415 adjicitur,
273 2349 417 2395 exercent.
459 2339 611 2399 Probabile
624 2351 669 2398 est
688 2343 745 2401 olei
764 2341 994 2400 benedictionem
1009 2320 1162 2417 specialem
1176 2335 1203 2394 ad

117 2438 248 2496 infirmos
261 2436 411 2514 ungendos
424 2440 530 2511 requiri
543 2441 717 2510 necessario,
731 2439 802 2499 adeo
815 2451 847 2499 ut
855 2442 920 2500 oleo
930 2439 1202 2503 catechumenorum

118 2537 164 2596 vel
177 2536 328 2594 chrismate
348 2550 470 2609 nequeat
483 2540 585 2597 contici
605 2542 702 2598 unctio
722 2551 864 2598 extrema:
887 2538 938 2597 sed
960 2557 1052 2612 quum
1075 2537 1204 2598 contraria

120 2638 279 2711 aliquorum
293 2638 434 2695 sententia
446 2640 698 2697 verosinrilitudine
710 2639 785 2697 haud
800 2648 901 2706 careat,
916 2637 1078 2715 culpandus
1092 2657 1149 2697 non
1167 2645 1204 2694 est

120 2739 169 2810 qui
182 2737 332 2794 deficiente
353 2738 418 2795 oleo
438 2738 625 2807 infirmorum,
644 2737 698 2796 alio
719 2741 816 2806 utitur,
831 2737 995 2795 conditione
1013 2738 1162 2815 apposita:
1183 2734 1205 2792 si

119 2836 261 2895 idoneum
276 2837 337 2895 ait:
358 2837 409 2895 sed
424 2849 530 2913 postea,
545 2840 570 2895 si
590 2839 674 2914 copia
686 2837 742 2895 olei
762 2838 940 2895 infirmorum
954 2835 1104 2905 habeatur,
1117 2835 1205 2895 unctio

122 2937 175 2994 sub
190 2936 352 2995 conditione
364 2938 487 2994 iteranda
500 2938 562 2996 erit.
1116 3006 1119 3010 A

160 3040 189 3093 3.
211 3036 321 3094 Pollice
336 3037 365 3094 in
383 3036 477 3095 oleum
492 3039 609 3096 intincto
629 3039 759 3098 facienda
780 3049 824 3098 est
846 3041 952 3107 unctio,
967 3040 1041 3099 adeo
1067 3049 1100 3098 ut
1118 3040 1204 3099 oleum

121 3133 305 3203 diffundatur,
320 3135 355 3192 ad
369 3136 446 3209 quod
460 3146 537 3212 gutta
550 3156 606 3195 una
626 3140 741 3208 sufficit,
756 3140 885 3212 quamvis
899 3149 1016 3215 praestet
1028 3148 1062 3197 ut
1073 3141 1165 3216 major
1176 3138 1206 3193 sit

121 3233 214 3307 copia.
256 3234 375 3309 Virgula
395 3237 424 3292 in
438 3235 572 3312 ungendo
585 3256 643 3295 non
664 3247 708 3295 est
725 3236 894 3305 adhibenda,
909 3240 966 3296 nisi
987 3240 1016 3296 in
1031 3257 1138 3316 magno
1157 3235 1206 3293 dis·

121 3331 250 3396 crimine,
261 3332 374 3403 quando
387 3352 424 3390 ex
438 3344 511 3392 tactu
520 3338 652 3413 contagio
663 3339 811 3396 imminet:
827 3347 907 3397 extra
915 3356 1002 3411 quarn
1012 3339 1205 3396 necessitatem

120 3447 154 3485 ea
177 3430 228 3495 uti,
244 3431 362 3487 venialis
385 3432 485 3490 saltem
512 3444 556 3491 est
578 3432 687 3512 culpa,⁴
707 3455 795 3509 quum
815 3456 831 3493 a
855 3437 908 3493 ritu
937 3438 1081 3495 Ecclesiae
1108 3447 1206 3494 temere

121 3527 291 3586 discedatur.
335 3528 565 3607 Cruciseignum
585 3533 746 3594 faciendum
760 3544 803 3592 est
823 3535 889 3592 dum
910 3537 1005 3594 unctio
1019 3537 1069 3594 fit:
1091 3533 1207 3610 quodsi

122 3627 276 3697 omittatur,
291 3630 370 3687 salva
383 3640 426 3687 est
439 3633 563 3689 essentia
576 3636 754 3701 sacramenti,
769 3635 898 3707 quamvis
919 3635 1053 3694 sacerdos
1068 3635 1207 3693 venialiter

122 3740 232 3804 peccet.

160 3833 189 3886 4.
211 3830 317 3888 Forma
330 3829 416 3908 hujus
430 3834 599 3890 sacramenti
613 3843 679 3890 sunt
691 3836 776 3892 verba
785 3833 863 3892 haec:
886 3843 905 3870 ‘⁶
917 3834 975 3893 Per
988 3837 1073 3892 istam
1088 3843 1208 3893 sanctam

121 3931 285 3987 unctionem
301 3937 328 3986 et
338 3948 421 3986 suam
435 3926 595 4008 piissimam
610 3932 833 3991 misericordiam
847 3932 994 4012 indulgeat
1005 3935 1055 3992 tibi
1070 3933 1224 3992 Dominus·

119 4026 257 4101 quidquid
269 4048 320 4106 per
330 4029 431 4088 vienna
442 4030 621 4105 deliquisti.”
657 4032 728 4094 Haec
739 4034 913 4095 conveniunt
925 4043 1070 4110 praecepto
1083 4030 1207 4110 Apostoli

152 4256 188 4312 (1)
210 4256 296 4319 Suppl.
308 4257 340 4306 iii.
353 4275 377 4322 p.
390 4276 430 4322 qu.
443 4263 511 4310 xxix.
524 4270 567 4312 art.
579 4265 613 4313 iii.
648 4266 723 4334 Resp.
822 4273 865 4336 (2)
885 4270 985 4329 Ibidem,
997 4277 1041 4319 art.
1053 4271 1085 4322 iv.
1119 4273 1189 4338 Resp-

152 4338 194 4403 (3)
215 4338 253 4389 De
266 4342 360 4406 synodo
372 4343 441 4394 dioec.
454 4346 470 4393 l.
482 4347 522 4395 vii.
536 4365 557 4396 c.
569 4350 618 4399 xvi.
630 4367 654 4400 n.
667 4354 690 4399 ³.
825 4357 866 4421 (4)
887 4355 913 4402 S.
925 4356 1001 4421 Alph.
1013 4357 1030 4407 1.
1042 4357 1074 4407 vi.
1085 4373 1110 4408 u.
1121 4361 1175 4409 ⁷10.
