2640 4860
166 391 226 447 au
362 378 421 442 DE
441 377 765 441 lMPEDlMENTIS
784 377 1067 439 marmioun.

165 550 276 615 morbo,
299 544 640 624 nandagioimminenta,
661 543 707 603 vel
728 562 814 604 causa
832 544 889 604 alia
907 545 1032 604 naturali
1052 543 1143 603 oritur
1162 529 1253 609 metus,

165 648 200 707 ad
215 649 273 705 rim
287 645 393 704 illatam
416 645 515 704 referri
537 645 645 718 nequit,
669 642 791 716 ideoque
811 662 870 703 non
892 644 1017 721 impedit
1038 644 1254 703 matrimonium.

164 745 382 807 Matrimonium
415 763 453 803 ex
486 752 563 801 metu
603 743 682 821 gravi
722 743 830 820 injuste
868 742 950 801 illato
983 744 1106 809 irritum,
1140 741 1256 800 validum

164 845 197 903 fit
216 846 242 901 si
264 862 330 919 pars
350 852 457 901 metram
479 861 565 919 passa
586 842 703 900 conscia
721 842 844 918 priorem
868 859 1045 900 consensum
1064 841 1140 900 nihil
1159 840 1255 906 valere,

165 943 256 1001 libere
277 940 414 1018 deinceps
434 941 593 999 consentiat
614 942 643 999 in
663 940 808 1015 copulam,
828 939 932 999 affectu
953 942 1111 1012 animoque
1133 939 1256 1004 maritali,

166 1059 234 1101 nam
254 1058 413 1099 cousensus
435 1041 485 1113 qui
506 1039 604 1097 deerat
622 1040 665 1097 sic
685 1038 851 1115 suppletur:
873 1048 1049 1115 quapropter
1070 1039 1189 1097 “invita
1201 1037 1256 1095 des·

166 1149 295 1218 pomata,
310 1147 412 1215 sponte
425 1139 548 1215 cognita,
562 1147 660 1195 contra
672 1139 890 1197 matrimonium
903 1156 964 1197 non
976 1132 1139 1195 auditur.'’¹
1172 1137 1256 1194 Serus

166 1241 192 1297 si
207 1255 366 1296 consensus
388 1237 419 1295 in
439 1235 570 1312 copulam
591 1245 667 1294 metu
689 1245 900 1309 extorqueatur,
924 1236 971 1294 vel
984 1237 1095 1294 oriatur
1107 1254 1145 1294 ex
1157 1253 1255 1302 errore,

168 1336 245 1410 quod
271 1336 381 1395 scilicet
413 1335 559 1393 existimet
583 1352 756 1394 consensum
784 1337 846 1413 jam
873 1335 971 1394 datum
993 1337 1023 1393 in
1049 1335 1254 1393 matrimonium

167 1431 288 1495 ualere.¹
328 1433 476 1493 Habitatio
489 1435 574 1492 etiam
596 1444 766 1511 spontanea,
781 1436 890 1507 absque
909 1435 1025 1510 copula,
1046 1432 1184 1493 indicium
1197 1423 1254 1509 pos·

169 1535 281 1593 terioris
294 1550 451 1591 consensus
472 1527 624 1591 babetur:³
644 1531 881 1606 quandocumque
901 1533 986 1609 copia
1010 1533 1065 1591 fuit
1085 1531 1220 1608 fugiendi,
1232 1540 1255 1588 et

168 1633 282 1691 conscia
295 1631 348 1689 fuit
359 1650 391 1690 se
404 1631 524 1690 liberam
537 1650 602 1690 esse
615 1652 633 1690 a
645 1632 760 1690 vinculo
773 1632 955 1691 matrimonii.
999 1630 1145 1690 Caeterum
1158 1632 1188 1690 in
1200 1631 1252 1688 lom

168 1731 352 1789 conscientiae
375 1731 465 1790 animi
485 1729 635 1808 dispositio
660 1742 689 1789 et
708 1731 862 1790 consilium
888 1730 1077 1807 spectandum
1105 1742 1166 1788 est:
1198 1748 1252 1802 quae

168 1830 245 1887 enim
260 1830 388 1906 perrexit
399 1831 430 1888 in
442 1830 530 1888 domo
543 1829 642 1889 eadem
656 1847 722 1888 cum
737 1829 798 1888 viro
808 1831 922 1897 morari,
937 1829 1046 1901 absque
1059 1831 1159 1888 animo
1172 1828 1252 1886 matri·

169 1930 298 1987 monium
313 1940 405 1988 ratum
418 1927 551 1997 faciendi,
565 1927 617 1987 sed
630 1948 683 1988 suo
696 1928 771 2005 apud
784 1940 899 1986 exteros
909 1928 1063 1986 consulens
1077 1928 1190 1996 honori,
1202 1928 1252 1984 vim

111 2024 114 2029 ’
169 2027 327 2086 consensui
341 2028 429 2103 priori
442 2046 500 2086 nou
514 2028 619 2087 tribuit
662 2029 794 2086 Necesse
813 2036 857 2085 est
878 2027 963 2085 etiam
983 2036 1015 2084 nt
1035 2027 1184 2099 utriusque
1196 2043 1253 2083 cou-

170 2143 271 2184 sensus
284 2126 371 2184 simul
384 2126 536 2192 habeatur;
556 2127 581 2183 si
601 2127 679 2184 enim
700 2128 750 2199 qni
770 2137 878 2185 metum
892 2126 1024 2193 incussit,
1035 2127 1097 2203 jam
1112 2126 1183 2183 nolit
1195 2143 1252 2182 con·

169 2225 283 2288 sentire,
298 2223 407 2281 nullum
428 2224 481 2279 erit
501 2224 728 2282 matrimonium:
750 2226 814 2301 ipse
837 2234 930 2282 tamen
951 2233 1063 2282 tenetur
1084 2224 1251 2282 consentire:

168 2339 222 2378 nec
242 2322 318 2378 enim
342 2320 395 2378 alia
421 2329 553 2396 superest
572 2322 643 2378 ratio
664 2341 721 2394 qua
742 2324 876 2402 iujuriam
897 2332 1018 2399 reparet,
1040 2324 1066 2380 si
1090 2323 1153 2399 ipsa
1173 2322 1252 2379 libere

170 2420 246 2478 velit.

212 2522 279 2577 165.
305 2515 386 2576 Ordo
411 2535 494 2577 socer
516 2518 635 2596 impedit
647 2538 683 2578 ne
706 2520 798 2578 ualeat
820 2520 1032 2578 matrimonium
1046 2539 1062 2576 a
1075 2519 1253 2585 subdiacono,

172 2619 217 2677 vel
231 2619 286 2677 alio
301 2618 455 2694 superioris
470 2617 572 2694 gradus
587 2628 769 2687 attentatum
784 2620 838 2677 hos
852 2619 928 2677 enim
942 2637 1044 2677 omnes
1054 2619 1132 2678 haud
1146 2618 1255 2676 idoneos

170 2718 352 2776 matrimonio
365 2717 490 2775 ineundo
504 2716 656 2776 declaravit
669 2717 812 2785 Ecclesia,
826 2728 855 2775 et
875 2718 984 2775 irritum
999 2734 1119 2792 prorsus
1139 2716 1256 2776 decrevit

170 2836 235 2875 esse
255 2826 450 2883 contractum
471 2816 525 2873 hac
546 2817 609 2893 lege
637 2817 784 2892 pristinam
812 2817 955 2874 caelibatus
982 2817 1057 2874 sacri
1080 2816 1255 2892 disciplinam

171 2911 344 2974 inculcans.⁴
377 2915 464 2991 Apud
478 2913 638 2974 Orientales
658 2914 730 2974 nulli
750 2915 879 2983 diacono,
895 2914 940 2972 vel
964 2916 1122 2990 superioris
1143 2915 1255 2980 ordinis,

167 3015 234 3073 licet
248 3015 459 3072 matrimonium
482 3015 569 3072 inire:
592 3014 643 3072 sed
669 3014 797 3073 dubitant
817 3013 946 3072 nonnulli
968 3005 1062 3072 utrum
1086 3024 1256 3074 contractum

172 3114 273 3181 valeat,
288 3114 384 3171 Sacris
399 3113 678 3191 Congregationibus
693 3112 832 3172 Romanis
841 3113 1021 3190 negantibus.

213 3215 279 3270 166.
302 3211 456 3289 Ligumen
477 3214 580 3288 prioris
593 3213 720 3291 conjugii
733 3213 799 3271 facit
811 3223 842 3271 ut
854 3212 925 3271 nihil
940 3211 1032 3269 valeat
1050 3212 1257 3270 matrimonium

171 3311 265 3385 priore
279 3312 402 3386 conjuge
416 3313 529 3369 vivente
543 3321 727 3371 contractum.
749 3312 897 3370 Certitudo
906 3310 1006 3369 mortis
1020 3311 1125 3386 prioris
1134 3310 1257 3388 conjugis

172 3406 292 3481 proinde
307 3410 467 3465 necessaria
480 3419 524 3465 est
537 3419 567 3467 ut
581 3430 686 3469 novum
703 3412 812 3469 ineatur
824 3411 1036 3469 matrimonium
1050 3430 1057 3466 ι
1081 3410 1215 3468 “Nullus
1228 3405 1257 3464 ad

169 3505 310 3564 secundas
325 3506 438 3582 nuptias
452 3507 572 3581 migrare
597 3519 758 3583 presumat,
774 3509 865 3569 donee
880 3510 906 3566 ei
928 3519 1040 3567 constet
1057 3509 1136 3580 quod
1157 3510 1191 3566 ab
1210 3508 1257 3565 hac

172 3607 230 3665 vita
245 3606 376 3684 migravit
389 3607 497 3684 conjux
510 3601 624 3684 ejus.''⁵
656 3606 777 3667 Moralis
792 3609 907 3681 quidem
921 3607 1060 3667 certitudo
1075 3608 1192 3675 sufficit,
1206 3624 1258 3664 nou

171 3715 265 3766 tamen
281 3706 442 3784 probabilis.
484 3706 666 3765 Testimonia
685 3707 741 3766 fide
761 3707 848 3785 digna
868 3709 945 3766 illam
959 3709 1097 3783 prebent,
1113 3707 1159 3765 vel
1180 3707 1257 3763 etiam

171 3806 323 3879 aliquando
336 3825 429 3865 rerum
444 3805 592 3883 adjuncta:
609 3809 633 3865 si
652 3808 727 3865 enirn
742 3807 857 3864 maritus
871 3807 1012 3883 stipendia
1024 3806 1144 3874 iaciens,
1160 3825 1176 3863 6
1190 3804 1258 3863 bello

171 3923 228 3963 non
249 3916 413 3975 revertatur,
429 3906 563 3964 militibus
584 3907 781 3983 superstitibus
802 3906 993 3974 redeuntibus,
1008 3907 1125 3964 moralis
1146 3906 1258 3963 habetur

207 4063 249 4128 (1)
269 4062 433 4113 Summanum
445 4079 497 4127 cap.
509 4063 541 4112 iv.
552 4064 582 4116 de
593 4063 632 4115 dia
639 4067 684 4131 qni
695 4079 817 4115 accusare.

206 4150 249 4213 (2)
272 4148 332 4196 Vide
345 4148 462 4198 Sanchez.
474 4149 490 4196 1.
502 4149 527 4197 ii.
539 4149 600 4213 disp.
612 4150 696 4200 xxxvi.
708 4166 733 4200 n.
745 4153 769 4199 3.
848 4152 890 4216 (3)
910 4142 973 4213 Cap.¹
983 4149 1035 4198 xxi.
1045 4147 1076 4199 de
1086 4147 1249 4214 sponsalium.

205 4230 249 4294 (4)
270 4230 331 4293 Gap.
343 4232 359 4280 i.
371 4233 400 4282 de
413 4231 491 4282 cleric.
503 4235 603 4301 conjug.
615 4245 639 4284 et
656 4251 688 4284 ex
706 4251 774 4284 cone.
787 4250 841 4298 gen.
853 4233 907 4282 Lat
919 4232 935 4282 i.
946 4249 998 4296 cap.
1010 4232 1061 4281 xri.
1073 4239 1097 4281 et
1108 4231 1163 4283 Lat
1174 4233 1199 4281 ii.
1209 4248 1258 4296 cap·

170 4308 211 4361 vii.
222 4319 247 4364 et
258 4313 326 4364 Trid.
339 4315 403 4369 Sera,
416 4319 481 4369 xxiv.
493 4333 547 4368 can.
559 4317 592 4367 ix.
841 4321 883 4386 (5)
904 4318 965 4384 Gap.
977 4318 1001 4368 ii.
1015 4317 1044 4368 de
1054 4318 1154 4370 secund.
1163 4322 1233 4386 nupt.
