2640 4860
312 360 369 421 DE
391 359 567 420 NATURA
587 358 864 421 MATRIMONII.
1073 367 1133 423 299

33 528 218 608 juxtaleges,
228 536 397 605 potestatem
411 527 637 589 lnmstrImonis
650 536 783 604 tyronum
796 546 925 597 suorum,
934 538 964 586 st
973 528 1021 587 alii
1032 549 1134 589 omnes

37 630 144 704 quibus
165 629 356 686 instrumento
376 627 425 686 alii
450 636 517 687 suut
542 626 680 705 adscripti
696 625 787 685 donec
807 626 842 684 ad
863 638 972 687 statem
993 640 1133 688 maturam

36 727 232 805 pervenerint.

74 831 126 886 42.
148 824 289 884 Sacerdos
303 843 385 884 suam
401 834 536 901 praestans
551 843 668 902 operam
682 823 874 893 fillolamilias,
885 825 932 883 cui
942 835 1021 902 pater
1028 826 1134 903 injuste

38 926 208 1003 refragatur,
217 925 264 983 vel
274 926 381 1002 tyroni,
395 925 441 982 vel
455 924 503 982 alii
513 925 576 1000 lege
587 924 721 999 obligato,
735 924 891 983 obnoxium
902 943 934 982 se
945 924 1012 984 facit
1021 925 1134 984 mulctae
1234 958 1237 963 ·
1282 976 1299 989 .,

33 1026 126 1102 gravi,
138 1044 155 1083 a
168 1043 225 1098 qua
237 1024 373 1083 lmmuuis
386 1043 446 1082 non
455 1023 584 1091 habetur,
596 1024 662 1081 licet
672 1023 808 1100 deceptus
824 1024 909 1082 luerit
918 1044 934 1081 a
944 1023 1133 1083 contrahenti·

35 1126 101 1192 bus,
117 1124 164 1182 vel
177 1123 313 1181 testibus:
329 1121 380 1181 sed
399 1141 462 1181 eam
482 1123 594 1181 solvere
613 1123 733 1199 cogitur,
749 1141 835 1196 quam
857 1123 996 1200 deinceps
1019 1124 1130 1182 actione

34 1223 116 1282 cirili
129 1225 161 1282 ln
170 1222 354 1299 deceptorem
368 1221 470 1300 poterit
482 1239 658 1298 recuperare.

417 1504 442 1573 §.
457 1502 512 1562 IV.
554 1503 602 1561 Du
623 1521 764 1562 vincano.

77 1727 129 1782 43.
151 1721 247 1782 Docet
258 1720 425 1781 Bonilacius
440 1721 524 1781 VIII.
540 1722 618 1794 quod
640 1723 841 1781 “matrimonii
854 1723 997 1783 viaculum
1011 1724 1046 1781 ab
1068 1724 1132 1802 ipso
1211 1800 1214 1805 Ι

38 1822 179 1882 Ecclesiae
191 1820 349 1879 Conditore
363 1821 458 1898 ipsum
473 1823 503 1879 iu
514 1820 656 1898 paradiso,
671 1831 699 1877 et
712 1821 741 1878 in
752 1831 823 1880 statu
838 1823 1008 1880 innocentia
1022 1825 1134 1883 institu-

36 1932 116 1990 ente,
128 1922 265 1980 unionem
279 1930 307 1978 et
316 1920 594 1979 indissolubilitatcm
608 1913 799 1995 acceperit.'’¹
832 1920 860 1978 N
864 1932 948 1980 aturae
958 1924 1133 1981 matrimonii

36 2021 169 2098 congruit
181 2029 212 2078 ut
233 2029 404 2097 perpetuum
418 2019 456 2076 sit
475 2018 630 2087 viaculum,
645 2028 674 2076 et
693 2019 820 2088 unicum,
835 2039 893 2093 quo
913 2031 995 2098 pacto
1017 2031 1131 2079 mutuus

35 2119 154 2178 fovetur
164 2137 254 2188 amor,
268 2128 298 2177 et
309 2120 385 2195 proli
397 2119 566 2177 consulitur.

73 2222 126 2276 44.
147 2218 329 2295 Polygamia,
344 2237 395 2276 seu
406 2218 530 2293 plurium
544 2235 666 2276 uxorum
679 2217 855 2277 consortium
868 2218 902 2275 ab
908 2218 989 2277 initio
1000 2238 1057 2277 non
1067 2219 1130 2288 suit,

36 2316 100 2386 scd,
109 2317 257 2376 Lamacho
268 2327 390 2384 auctore,
401 2317 582 2387 inductaest,
593 2326 622 2374 et
632 2327 732 2393 postea
745 2317 810 2375 Deo
818 2318 963 2376 sanciente
971 2318 1134 2378 obhumaui

34 2417 149 2494 generis
183 2417 431 2493 propagationem,
458 2416 616 2492 praesertim
643 2415 711 2474 vert
739 2416 839 2493 populi
866 2417 960 2484 electi,
988 2419 1127 2477 invaluit:

36 2515 147 2574 Christi
160 2514 226 2575 verd
242 2517 406 2573 auctoritate
420 2515 529 2573 sublata
541 2525 594 2581 est,
604 2516 654 2587 qui
669 2515 836 2591 conjugium
847 2514 881 2572 ad
895 2533 976 2573 suam
990 2518 1132 2593 originem

34 2615 195 2673 revocavit:
217 2623 237 2650 “
248 2625 331 2673 erunt
349 2614 405 2673 duo
419 2615 449 2672 iu
462 2631 546 2673 carne
559 2607 666 2671 uua.'’²
706 2613 824 2689 Optime
839 2613 1035 2672 animadvertit
1044 2614 1132 2672 luno·

35 2714 147 2772 centius
158 2712 213 2771 111.
230 2723 250 2749 “
261 2732 320 2772 non
333 2713 405 2771 dixit
419 2723 485 2781 tres,
500 2713 546 2770 vel
561 2712 668 2788 plures,
684 2712 735 2770 sed
749 2711 823 2771 duo:
835 2731 888 2770 nec
901 2711 991 2770 dixit:
1007 2712 1131 2770 adhaere·

34 2813 74 2871 bit
87 2813 237 2880 uxoribus,
252 2812 303 2870 sed
317 2804 450 2871 uxori.”³
470 2812 520 2870 Sic
533 2813 619 2869 etiam
635 2811 688 2869 fert
708 2822 844 2888 perpetua
858 2810 998 2869 Ecclesiae
1019 2810 1132 2870 traditio

34 2922 61 2969 et
77 2911 269 2978 consuetudo,
290 2923 464 2988 quapropter
484 2911 640 2969 concilium
663 2910 867 2968 Tridentinum
887 2908 1031 2968 decrevit:
1067 2919 1087 2945 ‘⁶
1099 2911 1132 2968 Si

36 3012 101 3084 quis
127 3010 232 3070 dixerit
251 3010 336 3069 licere
360 3011 521 3070 christianis
544 3010 641 3087 plures
664 3009 750 3067 simul
768 3008 874 3067 habere
895 3028 1012 3075 uxores,
1027 3018 1055 3066 et
1077 3009 1132 3068 hoc

35 3094 117 3170 nulla
129 3110 195 3188 lege
209 3109 305 3169 divina
317 3129 382 3168 esse
402 3110 587 3187 prohibitum,
603 3109 754 3167 anathema
767 3103 853 3166 sit.”⁴
893 3108 1039 3180 Equidem
1054 3119 1132 3167 recta

36 3209 162 3268 filiorum
182 3209 321 3268 institutio
341 3219 370 3268 et
383 3228 441 3287 pax
461 3209 619 3268 domestica
639 3227 677 3266 ex
697 3207 803 3266 unitate
824 3207 951 3284 conjugii
975 3208 1131 3284 plurimum

33 3308 167 3385 pendent.
211 3309 269 3375 Qui
289 3309 385 3386 plures
408 3309 513 3366 habent
531 3326 648 3375 uxores,
664 3307 688 3365 si
711 3306 746 3364 ad
759 3305 848 3364 fidem
870 3309 1000 3366 conversi
1015 3307 1130 3376 fuerint,
1217 3342 1221 3350 ·

36 3409 160 3485 prlmam
173 3409 296 3466 retinere
318 3407 431 3476 debent,
446 3408 563 3480 reliquis
582 3407 728 3464 dimissis:
755 3406 832 3479 quod
853 3407 878 3464 si
896 3407 1021 3465 noluerit
1044 3408 1132 3467 fidem

36 3507 180 3585 amplecti,
196 3507 342 3583 pontificia
355 3507 435 3565 datur
449 3506 623 3583 dispensatio
632 3517 664 3564 ut
676 3507 761 3564 aliam
777 3525 840 3578 quae
851 3505 938 3566 fidem
952 3507 1132 3583 amplectitur

37 3607 149 3684 seligat,
164 3606 253 3683 priori
266 3606 444 3683 postposita:
461 3605 538 3678 quod
547 3605 579 3662 fit
591 3624 627 3663 eo
641 3605 718 3679 quod
733 3605 890 3682 Apostolus
911 3606 979 3663 facit
992 3624 1132 3662 converso
1235 3618 1239 3623 ’
1285 3654 1295 3669 ,

36 3705 196 3764 facultatem
231 3704 365 3764 solvendi
387 3705 553 3782 conjugium
579 3706 610 3763 in
632 3702 794 3762 infidelitate
818 3704 930 3769 initum,
957 3705 983 3760 si
1003 3702 1129 3775 infidelis

38 3803 173 3872 discedat,
187 3804 298 3863 scilicet
310 3813 410 3863 renuat
422 3805 517 3862 vivere
529 3822 595 3862 cnm
606 3821 641 3860 eo
654 3803 767 3874 absque
773 3801 885 3877 pietatis
900 3800 1080 3858 detrImento.

74 3908 124 3962 to.
148 3904 335 3980 Polyaudria,
349 3921 400 3961 seu
415 3903 539 3980 plurium
553 3903 679 3959 virorum
692 3897 870 3958 consuetudo
883 3917 935 3975 per
944 3917 977 3956 se
990 3907 1132 3974 repugnat

40 4002 182 4080 conjugio,
197 4002 275 4077 quod
289 4021 378 4076 quum
394 4001 430 4061 ad
449 4003 603 4061 humanum
624 4017 714 4077 genus
734 3996 950 4076 propagandum
969 3997 1129 4055 institutum

94 4242 102 4253 ‘
181 4233 225 4296 (l)
245 4229 333 4295 Capi.
344 4229 437 4282 devoto
448 4229 477 4280 a'a
491 4233 514 4280 6.
703 4231 745 4295 (2)
765 4227 835 4278 Mart.
847 4226 898 4275 xix,
912 4228 935 4274 5,

179 4317 223 4382 (³)
243 4314 305 4380 Cap.
316 4314 366 4364 viii.
378 4315 408 4366 de
419 4313 508 4367 divort.
708 4314 750 4380 (a)
771 4313 837 4361 coss.
848 4310 915 4361 xxiv.
928 4325 981 4376 cap.
994 4310 1019 4360 ii.
