2640 4860
464 332 521 393 DE
543 333 843 394 SPONSORIBUS.
1159 345 1198 400 53

111 499 221 581 oiplinae
247 498 420 569 christiano,
446 518 505 560 non
536 502 591 561 erit
614 501 696 561 facile
719 500 896 562 damnandus
922 504 1032 581 peceati
1058 506 1195 582 gravioris

110 617 239 677 sponsor,
264 601 315 672 qui
344 599 407 658 haee
432 600 530 660 munia
554 620 614 661 non
632 602 701 671 obit,
728 602 785 661 nisi
804 603 916 662 noverit
934 622 969 661 ea
993 606 1195 680 aparentibus

110 700 223 777 negligi.
267 699 349 759 “Ille
369 700 420 774 qui
436 701 559 777 suscipit
577 700 701 775 aliquem
725 700 761 760 de
775 719 856 760 saoro
868 701 978 771 ionte,''
1000 704 1197 765 animadvertit

111 799 141 856 S.
156 799 300 868 Thomas,
322 801 472 859 “assumit
490 800 546 859 sibi
558 800 686 860 officium
699 801 864 879 paedagogi:
890 811 919 860 st
931 801 996 861 ideo
1008 802 1148 882 obligatur
1161 805 1197 864 ad

110 898 269 957 habendam
282 918 380 958 euram
393 897 429 957 de
443 900 517 977 ipso,
532 901 557 959 si
571 901 725 959 necessitas
739 900 915 959 immineret:
930 903 1004 959 sieut
1015 921 1051 962 eo
1065 912 1194 982 tempore

110 1007 137 1056 et
153 999 230 1066 loeo,
250 999 281 1056 in
299 1016 357 1073 quo
378 999 514 1075 baptizati
534 999 608 1059 inter
620 999 751 1059 infideles
765 1000 935 1058 nutriuntur.
977 1001 1036 1059 Sed
1049 1004 1097 1063 ubi
1110 1006 1185 1064 nutri

111 1107 192 1157 untur
217 1098 292 1158 inter
311 1097 466 1159 catholicos
489 1099 670 1166 christianos,
690 1101 758 1158 satis
785 1108 907 1175 possunt
928 1099 963 1156 ab
982 1099 1037 1159 hae
1056 1121 1124 1162 eura
1148 1123 1196 1163 ex·

111 1199 210 1266 eusari,
226 1198 437 1274 praesumendo,
461 1197 540 1271 quod
559 1219 576 1256 a
594 1199 654 1256 suis
677 1199 838 1275 parentibus
852 1197 1002 1278 diligenter
1014 1200 1195 1262 instruantur.

109 1297 140 1355 Si
152 1306 250 1356 tamem
265 1315 445 1370 quocumque
464 1297 552 1356 modo
574 1298 712 1357 sentirent
726 1299 909 1368 contrarium,
923 1308 1085 1358 tenerentur
1098 1319 1197 1360 seoun·

110 1395 173 1455 dum
187 1395 316 1465 modum,
331 1397 416 1455 saluti
430 1397 619 1473 spiritualium
632 1397 756 1456 filiomm
770 1416 866 1456 euram
880 1395 1095 1475 impendere.”¹
1135 1401 1197 1459 Ex·

109 1506 219 1555 ansatur
232 1496 317 1554 etiam
329 1514 463 1574 sponsor,
485 1497 534 1570 qui
554 1498 653 1556 munia
671 1498 750 1556 obire
769 1515 826 1556 non
841 1498 915 1556 valet
928 1499 1036 1572 absque
1049 1499 1196 1558 discordiae

110 1605 135 1653 et
146 1596 494 1673 molestiarumgperieulo,
509 1598 545 1655 ob
559 1605 706 1673 parentum
720 1597 893 1655 voluntatem
907 1598 1065 1658 adversam.

144 1699 194 1755 47.
217 1695 308 1756 Nulla
320 1706 397 1755 certa
409 1705 476 1754 aetas
489 1696 520 1754 in
533 1714 673 1774 sponsore
687 1696 821 1774 exigitur,
835 1699 966 1769 quamvis
982 1700 1067 1776 juxta
1080 1699 1194 1757 Rituale

110 1793 282 1864 Romanum,
308 1795 339 1854 in
360 1804 439 1854 aetate
459 1796 614 1872 pubertatis
636 1813 701 1852 eum
724 1814 789 1854 esse
810 1797 969 1864 conveniat,
989 1799 1064 1857 siout
1082 1809 1110 1856 et
1130 1818 1197 1857 eon·

109 1893 266 1961 firmatum3
287 1904 316 1952 et
329 1904 393 1953 ante
412 1914 496 1954 nsum
516 1895 635 1955 rationis
656 1904 780 1968 nequeat
799 1895 917 1953 omnino
941 1895 971 1953 id
992 1899 1047 1955 sibi
1070 1898 1196 1954 muneris

110 1989 281 2053 assumere.²
320 1994 419 2054 Homo
432 1995 507 2054 haud
521 1995 680 2073 baptizatus
693 2013 816 2072 sponsor
829 1994 891 2052 fieri
904 1997 1013 2068 nequit,
1028 1997 1134 2072 quippe
1148 1997 1198 2069 qui

110 2094 206 2169 spiritu
226 2101 310 2152 natus
329 2113 387 2153 non
407 2103 461 2162 est,
485 2094 608 2169 ideoque
630 2096 718 2171 patris
733 2113 851 2153 munere
865 2094 946 2173 fungi
960 2114 1018 2154 non
1032 2096 1122 2153 valet:
1145 2094 1197 2154 sed

109 2210 158 2251 neo
171 2194 324 2252 haeretious
344 2192 534 2253 admittendus
555 2205 609 2273 est,
636 2213 726 2267 quum
747 2192 777 2252 id
799 2195 882 2271 plane
908 2206 1048 2272 repugnet
1073 2195 1197 2254 Ritualis

110 2291 232 2351 Romani
246 2295 422 2370 praeseripto,
443 2302 472 2351 et
493 2294 589 2354 officio
609 2293 748 2352 edocendi
768 2295 855 2353 fidem
875 2303 904 2351 et
925 2295 1068 2372 pietatem,
1082 2307 1111 2354 et
1123 2297 1197 2372 peri·

109 2394 203 2452 sulum
226 2393 421 2452 subversionis
435 2391 550 2453 infantis
564 2413 662 2452 seeum
677 2388 772 2452 ferat.³
812 2394 907 2453 Docet
926 2395 1041 2454 Rituale
1063 2395 1127 2453 “ad
1140 2395 1197 2454 hoo

110 2510 209 2551 munus
232 2511 292 2551 non
305 2511 369 2550 esse
390 2491 577 2576 admittendos
597 2493 728 2552 infideles
749 2505 796 2551 aut
818 2493 984 2552 haerstioos:
1006 2514 1066 2554 non
1085 2495 1197 2571 publiee

109 2592 380 2661 excommunicatos,
402 2601 450 2651 aut
468 2593 650 2653 interdictos:
672 2613 731 2652 non
751 2592 864 2667 publice
885 2593 1066 2660 criminosos,
1090 2603 1137 2649 aut
1157 2593 1198 2650 iu·

110 2691 214 2750 fames:
237 2711 292 2750 neo
306 2700 440 2769 praeterea
459 2694 510 2766 qui
529 2713 598 2751 sana
620 2706 714 2752 mente
735 2709 795 2749 non
817 2700 900 2749 sunt:
922 2710 975 2749 neo
996 2691 1046 2765 qui
1068 2691 1198 2766 ignorant

109 2791 268 2850 rudimenta
290 2791 392 2850 fidei.”
446 2790 493 2850 Ad
516 2791 659 2851 vitandam
684 2809 800 2870 gravem
830 2790 1019 2849 offensionem
1046 2789 1198 2863 aliquando

111 2901 202 2967 aperte
224 2911 284 2951 non
304 2891 452 2968 repellitur
470 2892 619 2952 baeretious
645 2893 746 2964 quise
768 2891 844 2949 sistit
867 2908 1053 2966 sponsorem:
1075 2898 1198 2948 attamen

109 3008 264 3065 numquam
277 2999 422 3064 tamquam
436 3011 559 3069 sponsor
578 2991 770 3051 admittendus
791 2999 844 3058 est,
865 2988 917 3048 sed
940 2988 1112 3047 admonendi
1132 2999 1199 3047 sunt

109 3100 239 3166 parentes
266 3090 450 3151 catholicum
470 3090 666 3151 tantummodo
686 3110 721 3149 eo
746 3107 865 3149 munere
891 3089 972 3166 fungi
996 3107 1101 3165 posse:
1130 3108 1198 3163 qua·

109 3200 223 3268 propter
235 3192 354 3250 omnino
367 3191 573 3268 improbandus
593 3202 638 3250 est
659 3210 722 3250 mos
742 3190 903 3263 aliquorum
923 3189 1030 3267 passim
1052 3190 1198 3266 excipien-

109 3289 175 3349 tium
189 3291 340 3350 haeretioos
360 3291 396 3350 ad
418 3291 489 3355 illud
501 3311 617 3361 munus,
637 3291 705 3349 salis
725 3291 862 3349 habentes
885 3291 910 3349 si
931 3291 1064 3348 alteruter
1077 3309 1199 3366 sponsor

111 3386 279 3449 catholicus
305 3391 358 3448 sit:
379 3390 457 3464 quod
482 3410 548 3451 enm
574 3391 697 3450 Ritualis
723 3391 889 3468 praeseripto
914 3386 944 3448 ei
969 3389 1083 3449 concilii
1109 3389 1198 3448 Balti·

110 3491 250 3549 morensis
263 3490 288 3548 Ι.
303 3489 418 3550 decreto
431 3486 565 3567 pugnat.⁴

147 3593 196 3649 48.
219 3590 383 3667 Sponsores
404 3591 599 3667 aparentibus
619 3588 788 3667 designandi
807 3598 881 3657 sunt,
908 3588 985 3662 quod
1008 3590 1035 3648 si
1054 3588 1197 3665 parochus

113 3706 160 3746 eos
186 3709 240 3749 suo
263 3690 377 3749 arbitrio
399 3698 498 3759 mutet,
521 3697 620 3767 peceat
643 3691 775 3767 graviter,
796 3697 944 3766 parentum
965 3689 1032 3766 jure
1057 3685 1197 3754 ludendo,

114 3792 241 3859 quamvis
255 3791 374 3849 mutatio
385 3785 502 3848 valeat!

149 3893 199 3948 49.
219 3888 266 3949 Ad
292 3908 396 3949 munus
419 3889 567 3966 sponsoris
587 3886 803 3966 suscipiendum
823 3882 1060 3944 communissime
1081 3891 1198 3944 censent

148 4113 190 4178 (1)
208 4113 243 4162 iii.
253 4129 277 4178 p.
289 4129 330 4178 qu.
341 4113 409 4163 lxvii.
420 4119 463 4163 art.
475 4112 525 4162 viii.
559 4111 635 4180 Καρ.
739 4109 781 4175 (2)
800 4104 865 4155 Vide
875 4104 902 4152 S.
914 4103 988 4170 Alph.
999 4104 1016 4153 1.
1027 4102 1059 4153 ri.
1070 4119 1095 4153 n.
1109 4106 1164 4155 146.

150 4199 191 4266 (3)
210 4197 310 4260 Ibidem,
320 4214 347 4249 n.
361 4201 418 4251 156.
741 4194 784 4259 (4)
803 4189 919 4240 Demi.

449 4284 492 4350 (5)
511 4281 575 4332 Vide
584 4280 611 4330 S.
622 4278 697 4345 Alph.
708 4279 725 4330 l.
735 4277 768 4328 ri.
777 4292 802 4328 ιι.
816 4276 872 4325 146.

634 4378 680 4433 6*
