2640 4860
163 418 221 474 198
347 407 404 469 DE
424 405 753 470 Jumsmcnnonn
775 407 1066 471 connnssnltll.

161 579 357 654 abepiscopo,
379 577 404 634 si
424 574 507 644 adsit,
522 574 623 635 debeat
634 576 843 637 absolutionem
858 577 1016 637 accnsuris
1029 585 1140 654 petere.
1163 576 1258 636 Varia.

159 687 226 737 suut
238 676 438 753 theologorum
451 676 608 744 sententie,
624 694 743 750 quarum
763 695 827 750 quoe
848 675 970 736 affirmat
981 675 1181 735 verosimilior
1202 685 1256 744 cst,

159 777 316 855 praesertim
329 775 358 833 iu
372 775 485 834 casibus
498 775 627 844 occultis,
642 794 764 848 quorum
778 775 896 834 facultas
910 796 927 834 a
939 775 1064 834 concilio
1077 774 1255 834 Tridentino

159 876 304 953 episcopis
328 874 391 932 data
405 883 457 931 est.
498 873 545 932 De
565 893 734 951 percussore
755 874 849 934 cleriei
865 876 915 952 jus
934 874 1063 934 decernit
1085 892 1155 934 eum
1178 873 1256 932 adire

159 973 262 1033 debere
282 975 452 1051 episcopum
472 972 659 1032 absolutionis
679 992 776 1042 causa,
803 975 829 1032 si
855 973 991 1033 Pontifex
1010 974 1083 1033 adiri
1103 966 1257 1047 nequeat.¹

160 1072 219 1131 Sed
233 1072 307 1149 apud
321 1091 374 1131 nos
388 1071 539 1131 difficultas
558 1090 622 1131 esse
636 1075 745 1147 nequit,
762 1091 851 1146 quum
864 1074 993 1152 episcopi
1007 1093 1025 1131 a
1037 1072 1184 1132 Pontifice
1197 1090 1257 1130 am·

159 1173 304 1250 plissimas
318 1172 481 1248 acceperint
492 1171 648 1230 facultates.

201 1276 268 1330 152.
291 1271 323 1330 Si
337 1271 469 1348 superior
481 1269 552 1328 adiri
565 1279 696 1344 nequeat,
716 1269 762 1329 vel
775 1272 893 1338 arcessi,
914 1270 1022 1345 absque
1036 1271 1119 1330 samse
1129 1271 1253 1347 jactura,

158 1369 312 1430 sacerdotis
333 1372 364 1429 iu
386 1386 520 1428 censuras
542 1379 698 1428 reservatas
721 1387 780 1429 non
799 1368 930 1429 habentis
953 1370 1111 1437 facultates,
1132 1368 1256 1426 licetuti

158 1489 261 1547 opera:
283 1488 349 1529 nam
375 1468 531 1546 impeditus
550 1469 629 1527 adire
641 1470 830 1547 superiorem,
845 1488 903 1529 non
922 1479 1044 1537 tenetur,
1053 1470 1141 1546 juxta
1154 1468 1255 1545 proba·

158 1569 286 1628 biliorem
301 1569 480 1636 sententiam,
502 1586 554 1645 per
570 1568 677 1626 litteras
691 1569 737 1628 vel
757 1586 811 1645 per
823 1568 1028 1628 internuntium
1041 1567 1253 1626 absolutionem

158 1676 265 1744 petere,
280 1685 367 1739 quum
381 1667 409 1725 id
423 1667 525 1726 nullibi
538 1668 567 1725 in
576 1670 643 1746 J'ure
657 1667 863 1745 proscribatur,
885 1677 914 1726 et
926 1667 1055 1744 periculo
1068 1665 1252 1725 revelationis

157 1784 215 1825 uon
229 1761 347 1824 careat.¹
386 1769 521 1826 Attamen
533 1767 600 1826 licet
612 1786 647 1826 ea
659 1768 767 1827 ratione
780 1769 832 1835 uti,
846 1767 940 1826 debita
952 1765 1078 1826 adhibita
1090 1763 1201 1824 cantela
1214 1780 1249 1823 ne

157 1882 204 1923 res
218 1866 384 1925 innotescat.

327 2049 369 2112 (l)
390 2046 654 2107 G.Ecuoscitur‚stc.
688 2047 830 2098 Docetoro
865 2047 903 2099 De
915 2052 977 2100 sent·
987 2061 1081 2099 excom.

327 2130 369 2194 (2)
389 2128 415 2176 S.
426 2128 499 2192 Alph.
510 2129 526 2177 l.
538 2129 570 2178 vi.
581 2144 606 2178 n.
618 2131 676 2181 56³.
