<?xml version="1.0" encoding="UTF-8"?>
<!DOCTYPE html PUBLIC "-//W3C//DTD XHTML 1.0 Transitional//EN"
    "http://www.w3.org/TR/xhtml1/DTD/xhtml1-transitional.dtd">
<html xmlns="http://www.w3.org/1999/xhtml" xml:lang="en" lang="en">
 <head>
  <title>
</title>
<meta http-equiv="Content-Type" content="text/html;charset=utf-8" />
  <meta name='ocr-system' content='tesseract 3.04.00' />
  <meta name='ocr-capabilities' content='ocr_page ocr_carea ocr_par ocr_line ocrx_word'/>
</head>
<body>
  <div class='ocr_page' id='page_1' title='image "./theologiaemoral01kenrgoog_0202.png"; bbox 0 0 2640 4860; ppageno 0'>
   <div class='ocr_carea' id='block_1_1' title="bbox 382 366 1143 447">
    <p class='ocr_par' dir='ltr' id='par_1_1' title="bbox 382 366 1143 447">
     <span class='ocr_line' id='line_1_1' title="bbox 382 366 1143 447; baseline 0.005 -7"><span class='ocrx_word' id='word_1_1' title='bbox 382 381 440 441; x_wconf 81' lang='lat' dir='ltr'>ne</span> <span class='ocrx_word' id='word_1_2' title='bbox 461 366 811 447; x_wconf 75' lang='lat' dir='ltr'>suursrucmcua.</span> <span class='ocrx_word' id='word_1_3' title='bbox 1086 387 1143 446; x_wconf 81' lang='lat' dir='ltr'>rra</span> 
     </span>
    </p>
   </div>
   <div class='ocr_carea' id='block_1_2' title="bbox 49 546 1154 4104">
    <p class='ocr_par' dir='ltr' id='par_1_2' title="bbox 49 546 1150 3114">
     <span class='ocr_line' id='line_1_2' title="bbox 51 546 1143 628; baseline 0 -18"><span class='ocrx_word' id='word_1_4' title='bbox 51 559 71 588; x_wconf 76' lang='lat'>‘⁶</span> <span class='ocrx_word' id='word_1_5' title='bbox 83 551 200 610; x_wconf 82' lang='lat' dir='ltr'>Debent</span> <span class='ocrx_word' id='word_1_6' title='bbox 212 567 282 628; x_wconf 88' lang='lat' dir='ltr'>ergo</span> <span class='ocrx_word' id='word_1_7' title='bbox 303 547 463 607; x_wconf 72' lang='lat' dir='ltr'><strong>sacerdotes</strong></span> <span class='ocrx_word' id='word_1_8' title='bbox 476 546 628 614; x_wconf 87' lang='lat' dir='ltr'>Domini,”</span> <span class='ocrx_word' id='word_1_9' title='bbox 642 549 737 622; x_wconf 88' lang='lat' dir='ltr'>inquit</span> <span class='ocrx_word' id='word_1_10' title='bbox 756 549 909 608; x_wconf 92' lang='lat' dir='ltr'>concilium</span> <span class='ocrx_word' id='word_1_11' title='bbox 931 547 1143 621; x_wconf 73' lang='lat' dir='ltr'>Tridentium,</span> 
     </span>
     <span class='ocr_line' id='line_1_3' title="bbox 52 647 1144 726; baseline 0.001 -17"><span class='ocrx_word' id='word_1_12' title='bbox 52 659 72 687; x_wconf 85' lang='lat'>“</span> <span class='ocrx_word' id='word_1_13' title='bbox 83 660 224 726; x_wconf 89' lang='lat' dir='ltr'>qnantum</span> <span class='ocrx_word' id='word_1_14' title='bbox 237 650 356 726; x_wconf 87' lang='lat' dir='ltr'>spiritus</span> <span class='ocrx_word' id='word_1_15' title='bbox 371 657 400 706; x_wconf 91' lang='lat' dir='ltr'>et</span> <span class='ocrx_word' id='word_1_16' title='bbox 412 647 563 725; x_wconf 90' lang='lat' dir='ltr'>prudentia</span> <span class='ocrx_word' id='word_1_17' title='bbox 575 649 760 726; x_wconf 81' lang='lat' dir='ltr'>suggesserit,</span> <span class='ocrx_word' id='word_1_18' title='bbox 776 667 827 724; x_wconf 90' lang='lat' dir='ltr'>pro</span> <span class='ocrx_word' id='word_1_19' title='bbox 841 648 973 721; x_wconf 80' lang='lat' dir='ltr'><strong>qualitate</strong></span> <span class='ocrx_word' id='word_1_20' title='bbox 993 650 1144 710; x_wconf 88' lang='lat' dir='ltr'>criminum</span> 
     </span>
     <span class='ocr_line' id='line_1_4' title="bbox 50 747 1145 828; baseline 0.002 -21"><span class='ocrx_word' id='word_1_21' title='bbox 50 761 79 807; x_wconf 90' lang='lat' dir='ltr'>et</span> <span class='ocrx_word' id='word_1_22' title='bbox 105 751 305 828; x_wconf 81' lang='lat' dir='ltr'>poenitentium</span> <span class='ocrx_word' id='word_1_23' title='bbox 329 747 470 816; x_wconf 77' lang='lat' dir='ltr'>facultate,</span> <span class='ocrx_word' id='word_1_24' title='bbox 496 747 633 806; x_wconf 87' lang='lat' dir='ltr'>salutares</span> <span class='ocrx_word' id='word_1_25' title='bbox 653 758 681 806; x_wconf 89' lang='lat' dir='ltr'>et</span> <span class='ocrx_word' id='word_1_26' title='bbox 707 749 911 806; x_wconf 87' lang='lat' dir='ltr'>convenientes</span> <span class='ocrx_word' id='word_1_27' title='bbox 937 748 1145 809; x_wconf 78' lang='lat' dir='ltr'>satisfactiones</span> 
     </span>
     <span class='ocr_line' id='line_1_5' title="bbox 49 846 1145 927; baseline 0.002 -20"><span class='ocrx_word' id='word_1_28' title='bbox 49 850 218 926; x_wconf 70' lang='lat' dir='ltr'>injungeret</span> <span class='ocrx_word' id='word_1_29' title='bbox 234 867 282 917; x_wconf 88' lang='lat' dir='ltr'>ne,</span> <span class='ocrx_word' id='word_1_30' title='bbox 294 848 319 904; x_wconf 88' lang='lat' dir='ltr'>si</span> <span class='ocrx_word' id='word_1_31' title='bbox 332 846 404 905; x_wconf 91' lang='lat' dir='ltr'>forte</span> <span class='ocrx_word' id='word_1_32' title='bbox 417 847 542 924; x_wconf 89' lang='lat' dir='ltr'>peccatis</span> <span class='ocrx_word' id='word_1_33' title='bbox 556 848 736 915; x_wconf 83' lang='lat' dir='ltr'>conniveant,</span> <span class='ocrx_word' id='word_1_34' title='bbox 750 857 779 904; x_wconf 93' lang='lat' dir='ltr'>et</span> <span class='ocrx_word' id='word_1_35' title='bbox 799 847 992 924; x_wconf 90' lang='lat' dir='ltr'>indulgentius</span> <span class='ocrx_word' id='word_1_36' title='bbox 1005 866 1071 908; x_wconf 88' lang='lat' dir='ltr'>cum</span> <span class='ocrx_word' id='word_1_37' title='bbox 1085 869 1145 927; x_wconf 84' lang='lat' dir='ltr'>poe·</span> 
     </span>
     <span class='ocr_line' id='line_1_6' title="bbox 53 945 1145 1025; baseline 0.001 -19"><span class='ocrx_word' id='word_1_38' title='bbox 53 950 210 1007; x_wconf 87' lang='lat' dir='ltr'>nitentibus</span> <span class='ocrx_word' id='word_1_39' title='bbox 232 955 326 1025; x_wconf 88' lang='lat' dir='ltr'>agant,</span> <span class='ocrx_word' id='word_1_40' title='bbox 339 947 485 1004; x_wconf 89' lang='lat' dir='ltr'>levissima</span> <span class='ocrx_word' id='word_1_41' title='bbox 504 945 636 1019; x_wconf 82' lang='lat' dir='ltr'>quaedam</span> <span class='ocrx_word' id='word_1_42' title='bbox 655 965 743 1023; x_wconf 90' lang='lat' dir='ltr'>opera</span> <span class='ocrx_word' id='word_1_43' title='bbox 767 965 819 1023; x_wconf 92' lang='lat' dir='ltr'>pro</span> <span class='ocrx_word' id='word_1_44' title='bbox 838 947 1015 1023; x_wconf 89' lang='lat' dir='ltr'>gravissimis</span> <span class='ocrx_word' id='word_1_45' title='bbox 1035 947 1145 1009; x_wconf 81' lang='lat' dir='ltr'>delictis</span> 
     </span>
     <span class='ocr_line' id='line_1_7' title="bbox 52 1045 1146 1126; baseline 0.004 -22"><span class='ocrx_word' id='word_1_46' title='bbox 52 1047 241 1126; x_wconf 86' lang='lat' dir='ltr'>injungendo,</span> <span class='ocrx_word' id='word_1_47' title='bbox 255 1047 413 1105; x_wconf 89' lang='lat' dir='ltr'>alienorum</span> <span class='ocrx_word' id='word_1_48' title='bbox 433 1056 614 1123; x_wconf 91' lang='lat' dir='ltr'>peccatorum</span> <span class='ocrx_word' id='word_1_49' title='bbox 640 1048 791 1124; x_wconf 88' lang='lat' dir='ltr'>participes</span> <span class='ocrx_word' id='word_1_50' title='bbox 812 1047 977 1104; x_wconf 86' lang='lat' dir='ltr'>efficiantur.</span> <span class='ocrx_word' id='word_1_51' title='bbox 1013 1045 1146 1108; x_wconf 88' lang='lat' dir='ltr'>Habeant</span> 
     </span>
     <span class='ocr_line' id='line_1_8' title="bbox 54 1144 1145 1224; baseline 0.003 -20"><span class='ocrx_word' id='word_1_52' title='bbox 54 1156 148 1206; x_wconf 88' lang='lat' dir='ltr'>autem</span> <span class='ocrx_word' id='word_1_53' title='bbox 164 1166 222 1223; x_wconf 81' lang='lat' dir='ltr'>prae</span> <span class='ocrx_word' id='word_1_54' title='bbox 242 1146 343 1215; x_wconf 92' lang='lat' dir='ltr'>oculis,</span> <span class='ocrx_word' id='word_1_55' title='bbox 357 1154 388 1203; x_wconf 92' lang='lat' dir='ltr'>ut</span> <span class='ocrx_word' id='word_1_56' title='bbox 400 1144 564 1213; x_wconf 82' lang='lat' dir='ltr'>satisfactio,</span> <span class='ocrx_word' id='word_1_57' title='bbox 580 1164 665 1217; x_wconf 92' lang='lat' dir='ltr'>quam</span> <span class='ocrx_word' id='word_1_58' title='bbox 680 1147 839 1224; x_wconf 88' lang='lat' dir='ltr'>imponunt,</span> <span class='ocrx_word' id='word_1_59' title='bbox 853 1163 911 1204; x_wconf 91' lang='lat' dir='ltr'>non</span> <span class='ocrx_word' id='word_1_60' title='bbox 931 1146 970 1203; x_wconf 88' lang='lat' dir='ltr'>sit</span> <span class='ocrx_word' id='word_1_61' title='bbox 982 1153 1089 1205; x_wconf 91' lang='lat' dir='ltr'>tanturn</span> <span class='ocrx_word' id='word_1_62' title='bbox 1110 1149 1145 1207; x_wconf 91' lang='lat' dir='ltr'>ad</span> 
     </span>
     <span class='ocr_line' id='line_1_9' title="bbox 53 1242 1146 1314; baseline -0.001 -9"><span class='ocrx_word' id='word_1_63' title='bbox 53 1265 135 1305; x_wconf 85' lang='lat' dir='ltr'>novae</span> <span class='ocrx_word' id='word_1_64' title='bbox 157 1248 223 1305; x_wconf 90' lang='lat' dir='ltr'>vitae</span> <span class='ocrx_word' id='word_1_65' title='bbox 244 1244 413 1314; x_wconf 85' lang='lat' dir='ltr'>custodiam,</span> <span class='ocrx_word' id='word_1_66' title='bbox 427 1253 456 1302; x_wconf 93' lang='lat' dir='ltr'>et</span> <span class='ocrx_word' id='word_1_67' title='bbox 475 1244 644 1303; x_wconf 90' lang='lat' dir='ltr'>infirmitatis</span> <span class='ocrx_word' id='word_1_68' title='bbox 664 1245 913 1314; x_wconf 82' lang='lat' dir='ltr'>medicamentum,</span> <span class='ocrx_word' id='word_1_69' title='bbox 931 1242 983 1304; x_wconf 91' lang='lat' dir='ltr'>sed</span> <span class='ocrx_word' id='word_1_70' title='bbox 1004 1246 1089 1304; x_wconf 88' lang='lat' dir='ltr'>etiam</span> <span class='ocrx_word' id='word_1_71' title='bbox 1110 1247 1146 1304; x_wconf 89' lang='lat' dir='ltr'>ad</span> 
     </span>
     <span class='ocr_line' id='line_1_10' title="bbox 52 1343 1145 1424; baseline -0.003 -18"><span class='ocrx_word' id='word_1_72' title='bbox 52 1347 262 1424; x_wconf 77' lang='lat' dir='ltr'>preteritorum</span> <span class='ocrx_word' id='word_1_73' title='bbox 284 1353 464 1422; x_wconf 91' lang='lat' dir='ltr'>peccatorum</span> <span class='ocrx_word' id='word_1_74' title='bbox 484 1343 649 1412; x_wconf 88' lang='lat' dir='ltr'>vindictam,</span> <span class='ocrx_word' id='word_1_75' title='bbox 663 1354 691 1402; x_wconf 90' lang='lat' dir='ltr'>et</span> <span class='ocrx_word' id='word_1_76' title='bbox 712 1344 943 1423; x_wconf 69' lang='lat' dir='ltr'>castigationem</span> <span class='ocrx_word' id='word_1_77' title='bbox 964 1364 1030 1403; x_wconf 89' lang='lat' dir='ltr'>nam</span> <span class='ocrx_word' id='word_1_78' title='bbox 1050 1346 1145 1405; x_wconf 84' lang='lat' dir='ltr'>claves</span> 
     </span>
     <span class='ocr_line' id='line_1_11' title="bbox 52 1442 1146 1521; baseline 0.002 -19"><span class='ocrx_word' id='word_1_79' title='bbox 52 1446 248 1514; x_wconf 86' lang='lat' dir='ltr'>sacerdotibus</span> <span class='ocrx_word' id='word_1_80' title='bbox 262 1463 320 1503; x_wconf 91' lang='lat' dir='ltr'>uon</span> <span class='ocrx_word' id='word_1_81' title='bbox 330 1444 365 1503; x_wconf 93' lang='lat' dir='ltr'>ad</span> <span class='ocrx_word' id='word_1_82' title='bbox 380 1442 549 1503; x_wconf 81' lang='lat' dir='ltr'>solvendum</span> <span class='ocrx_word' id='word_1_83' title='bbox 563 1443 717 1513; x_wconf 82' lang='lat' dir='ltr'>dumtaxat,</span> <span class='ocrx_word' id='word_1_84' title='bbox 726 1445 776 1503; x_wconf 89' lang='lat' dir='ltr'>sed</span> <span class='ocrx_word' id='word_1_85' title='bbox 785 1455 814 1502; x_wconf 91' lang='lat' dir='ltr'>et</span> <span class='ocrx_word' id='word_1_86' title='bbox 826 1445 861 1504; x_wconf 91' lang='lat' dir='ltr'>ad</span> <span class='ocrx_word' id='word_1_87' title='bbox 871 1443 1016 1521; x_wconf 90' lang='lat' dir='ltr'>ligandum</span> <span class='ocrx_word' id='word_1_88' title='bbox 1030 1462 1146 1504; x_wconf 87' lang='lat' dir='ltr'>conces·</span> 
     </span>
     <span class='ocr_line' id='line_1_12' title="bbox 52 1539 1146 1620; baseline 0.001 -18"><span class='ocrx_word' id='word_1_89' title='bbox 52 1564 108 1615; x_wconf 86' lang='lat' dir='ltr'>aas,</span> <span class='ocrx_word' id='word_1_90' title='bbox 122 1547 209 1604; x_wconf 91' lang='lat' dir='ltr'>etiarn</span> <span class='ocrx_word' id='word_1_91' title='bbox 224 1546 334 1618; x_wconf 88' lang='lat' dir='ltr'>antiqui</span> <span class='ocrx_word' id='word_1_92' title='bbox 355 1554 450 1620; x_wconf 89' lang='lat' dir='ltr'>patres</span> <span class='ocrx_word' id='word_1_93' title='bbox 467 1552 496 1600; x_wconf 89' lang='lat' dir='ltr'>et</span> <span class='ocrx_word' id='word_1_94' title='bbox 509 1543 637 1611; x_wconf 89' lang='lat' dir='ltr'>credunt,</span> <span class='ocrx_word' id='word_1_95' title='bbox 651 1552 679 1601; x_wconf 91' lang='lat' dir='ltr'>et</span> <span class='ocrx_word' id='word_1_96' title='bbox 692 1539 844 1602; x_wconf 88' lang='lat' dir='ltr'>docent.”¹</span> <span class='ocrx_word' id='word_1_97' title='bbox 885 1544 952 1602; x_wconf 93' lang='lat' dir='ltr'>Hoc</span> <span class='ocrx_word' id='word_1_98' title='bbox 966 1543 1146 1604; x_wconf 82' lang='lat' dir='ltr'>sacerdotum</span> 
     </span>
     <span class='ocr_line' id='line_1_13' title="bbox 55 1643 1149 1722; baseline -0.001 -18"><span class='ocrx_word' id='word_1_99' title='bbox 55 1664 160 1704; x_wconf 90' lang='lat' dir='ltr'>munus</span> <span class='ocrx_word' id='word_1_100' title='bbox 174 1646 369 1722; x_wconf 85' lang='lat' dir='ltr'>explicaverat</span> <span class='ocrx_word' id='word_1_101' title='bbox 380 1644 441 1721; x_wconf 90' lang='lat' dir='ltr'>jam</span> <span class='ocrx_word' id='word_1_102' title='bbox 455 1644 613 1702; x_wconf 88' lang='lat' dir='ltr'>concilium</span> <span class='ocrx_word' id='word_1_103' title='bbox 634 1643 826 1701; x_wconf 88' lang='lat' dir='ltr'>Lateranense</span> <span class='ocrx_word' id='word_1_104' title='bbox 846 1644 900 1703; x_wconf 89' lang='lat' dir='ltr'>IV.</span> <span class='ocrx_word' id='word_1_105' title='bbox 922 1652 941 1680; x_wconf 82' lang='lat'>‘⁴</span> <span class='ocrx_word' id='word_1_106' title='bbox 954 1644 1093 1702; x_wconf 87' lang='lat' dir='ltr'>Sacerdos</span> <span class='ocrx_word' id='word_1_107' title='bbox 1110 1646 1149 1703; x_wconf 93' lang='lat' dir='ltr'>sit</span> 
     </span>
     <span class='ocr_line' id='line_1_14' title="bbox 54 1742 1146 1820; baseline 0 -18"><span class='ocrx_word' id='word_1_108' title='bbox 54 1745 194 1803; x_wconf 89' lang='lat' dir='ltr'>discretus</span> <span class='ocrx_word' id='word_1_109' title='bbox 208 1754 237 1803; x_wconf 91' lang='lat' dir='ltr'>et</span> <span class='ocrx_word' id='word_1_110' title='bbox 256 1753 365 1810; x_wconf 87' lang='lat' dir='ltr'>cautus,</span> <span class='ocrx_word' id='word_1_111' title='bbox 379 1752 411 1801; x_wconf 95' lang='lat' dir='ltr'>ut</span> <span class='ocrx_word' id='word_1_112' title='bbox 431 1761 510 1801; x_wconf 89' lang='lat' dir='ltr'>more</span> <span class='ocrx_word' id='word_1_113' title='bbox 523 1743 614 1819; x_wconf 74' lang='lat' dir='ltr'>&#39;periti</span> <span class='ocrx_word' id='word_1_114' title='bbox 635 1743 740 1801; x_wconf 89' lang='lat' dir='ltr'>medici</span> <span class='ocrx_word' id='word_1_115' title='bbox 760 1742 977 1820; x_wconf 86' lang='lat' dir='ltr'>superinfundat</span> <span class='ocrx_word' id='word_1_116' title='bbox 998 1745 1097 1803; x_wconf 86' lang='lat' dir='ltr'>vinum</span> <span class='ocrx_word' id='word_1_117' title='bbox 1118 1753 1146 1802; x_wconf 92' lang='lat' dir='ltr'>et</span> 
     </span>
     <span class='ocr_line' id='line_1_15' title="bbox 55 1841 1147 1919; baseline -0.001 -17"><span class='ocrx_word' id='word_1_118' title='bbox 55 1845 151 1902; x_wconf 89' lang='lat' dir='ltr'>oleum</span> <span class='ocrx_word' id='word_1_119' title='bbox 172 1844 335 1904; x_wconf 85' lang='lat' dir='ltr'>vulneribus</span> <span class='ocrx_word' id='word_1_120' title='bbox 361 1843 488 1910; x_wconf 87' lang='lat' dir='ltr'>sauciati,</span> <span class='ocrx_word' id='word_1_121' title='bbox 507 1841 655 1919; x_wconf 85' lang='lat' dir='ltr'>diligenter</span> <span class='ocrx_word' id='word_1_122' title='bbox 676 1843 824 1916; x_wconf 85' lang='lat' dir='ltr'>inquirens</span> <span class='ocrx_word' id='word_1_123' title='bbox 850 1844 1007 1919; x_wconf 82' lang='lat' dir='ltr'>peccatoris</span> <span class='ocrx_word' id='word_1_124' title='bbox 1027 1845 1147 1903; x_wconf 91' lang='lat' dir='ltr'>circum·</span> 
     </span>
     <span class='ocr_line' id='line_1_16' title="bbox 54 1941 1147 2020; baseline -0.001 -20"><span class='ocrx_word' id='word_1_125' title='bbox 54 1944 183 2010; x_wconf 80' lang='lat' dir='ltr'>stantiae,</span> <span class='ocrx_word' id='word_1_126' title='bbox 197 1953 226 2001; x_wconf 89' lang='lat' dir='ltr'>et</span> <span class='ocrx_word' id='word_1_127' title='bbox 239 1943 357 2019; x_wconf 89' lang='lat' dir='ltr'>pcccati,</span> <span class='ocrx_word' id='word_1_128' title='bbox 372 1943 476 2014; x_wconf 87' lang='lat' dir='ltr'>quibus</span> <span class='ocrx_word' id='word_1_129' title='bbox 490 1941 641 2018; x_wconf 88' lang='lat' dir='ltr'>prudenter</span> <span class='ocrx_word' id='word_1_130' title='bbox 654 1943 801 2019; x_wconf 88' lang='lat' dir='ltr'>intelligat,</span> <span class='ocrx_word' id='word_1_131' title='bbox 817 1942 898 2014; x_wconf 92' lang='lat' dir='ltr'>quale</span> <span class='ocrx_word' id='word_1_132' title='bbox 912 1941 953 1999; x_wconf 88' lang='lat' dir='ltr'>illi</span> <span class='ocrx_word' id='word_1_133' title='bbox 962 1942 1064 2000; x_wconf 92' lang='lat' dir='ltr'>debeat</span> <span class='ocrx_word' id='word_1_134' title='bbox 1076 1961 1147 2020; x_wconf 85' lang='lat' dir='ltr'>prae·</span> 
     </span>
     <span class='ocr_line' id='line_1_17' title="bbox 55 2041 1147 2119; baseline -0.001 -18"><span class='ocrx_word' id='word_1_135' title='bbox 55 2043 122 2101; x_wconf 92' lang='lat' dir='ltr'>bere</span> <span class='ocrx_word' id='word_1_136' title='bbox 142 2043 308 2110; x_wconf 88' lang='lat' dir='ltr'>consilium,</span> <span class='ocrx_word' id='word_1_137' title='bbox 323 2051 351 2101; x_wconf 90' lang='lat' dir='ltr'>et</span> <span class='ocrx_word' id='word_1_138' title='bbox 369 2041 531 2118; x_wconf 90' lang='lat' dir='ltr'>cujusmodi</span> <span class='ocrx_word' id='word_1_139' title='bbox 550 2041 709 2100; x_wconf 87' lang='lat' dir='ltr'>remedium</span> <span class='ocrx_word' id='word_1_140' title='bbox 732 2041 875 2109; x_wconf 88' lang='lat' dir='ltr'>adhibere,</span> <span class='ocrx_word' id='word_1_141' title='bbox 894 2041 1016 2100; x_wconf 86' lang='lat' dir='ltr'>diversis</span> <span class='ocrx_word' id='word_1_142' title='bbox 1035 2043 1147 2119; x_wconf 83' lang='lat' dir='ltr'>experi-</span> 
     </span>
     <span class='ocr_line' id='line_1_18' title="bbox 54 2133 1149 2218; baseline -0.001 -17"><span class='ocrx_word' id='word_1_143' title='bbox 54 2144 158 2201; x_wconf 88' lang='lat' dir='ltr'>mentis</span> <span class='ocrx_word' id='word_1_144' title='bbox 172 2140 279 2200; x_wconf 91' lang='lat' dir='ltr'>utendo</span> <span class='ocrx_word' id='word_1_145' title='bbox 293 2140 327 2199; x_wconf 89' lang='lat' dir='ltr'>ad</span> <span class='ocrx_word' id='word_1_146' title='bbox 347 2141 504 2199; x_wconf 89' lang='lat' dir='ltr'>sanandum</span> <span class='ocrx_word' id='word_1_147' title='bbox 519 2133 706 2217; x_wconf 74' lang='lat' dir='ltr'>egrotum.”²</span> <span class='ocrx_word' id='word_1_148' title='bbox 721 2178 724 2191; x_wconf 71' lang='lat'>‚</span> <span class='ocrx_word' id='word_1_149' title='bbox 738 2139 825 2209; x_wconf 89' lang='lat' dir='ltr'>Quod</span> <span class='ocrx_word' id='word_1_150' title='bbox 843 2143 868 2199; x_wconf 87' lang='lat' dir='ltr'>si</span> <span class='ocrx_word' id='word_1_151' title='bbox 889 2141 999 2200; x_wconf 91' lang='lat' dir='ltr'>nullum</span> <span class='ocrx_word' id='word_1_152' title='bbox 1021 2142 1149 2218; x_wconf 91' lang='lat' dir='ltr'>imponat</span> 
     </span>
     <span class='ocr_line' id='line_1_19' title="bbox 55 2240 1148 2320; baseline 0.002 -21"><span class='ocrx_word' id='word_1_153' title='bbox 55 2243 230 2318; x_wconf 84' lang='lat' dir='ltr'>poenitentiae</span> <span class='ocrx_word' id='word_1_154' title='bbox 250 2259 334 2317; x_wconf 90' lang='lat' dir='ltr'>opus,</span> <span class='ocrx_word' id='word_1_155' title='bbox 348 2241 471 2316; x_wconf 87' lang='lat' dir='ltr'>graviter</span> <span class='ocrx_word' id='word_1_156' title='bbox 489 2257 542 2297; x_wconf 90' lang='lat' dir='ltr'>suo</span> <span class='ocrx_word' id='word_1_157' title='bbox 568 2243 680 2298; x_wconf 90' lang='lat' dir='ltr'>muneri</span> <span class='ocrx_word' id='word_1_158' title='bbox 701 2240 781 2299; x_wconf 89' lang='lat' dir='ltr'>deest</span> <span class='ocrx_word' id='word_1_159' title='bbox 803 2242 870 2312; x_wconf 89' lang='lat' dir='ltr'>quia</span> <span class='ocrx_word' id='word_1_160' title='bbox 894 2241 1013 2320; x_wconf 82' lang='lat' dir='ltr'>negligit</span> <span class='ocrx_word' id='word_1_161' title='bbox 1038 2252 1148 2318; x_wconf 88' lang='lat' dir='ltr'>partem</span> 
     </span>
     <span class='ocr_line' id='line_1_20' title="bbox 56 2333 1149 2417; baseline 0.002 -20"><span class='ocrx_word' id='word_1_162' title='bbox 56 2343 242 2400; x_wconf 88' lang='lat' dir='ltr'>sacramenti:</span> <span class='ocrx_word' id='word_1_163' title='bbox 258 2341 388 2412; x_wconf 87' lang='lat' dir='ltr'>quamvis</span> <span class='ocrx_word' id='word_1_164' title='bbox 403 2357 468 2396; x_wconf 91' lang='lat' dir='ltr'>eum</span> <span class='ocrx_word' id='word_1_165' title='bbox 491 2357 635 2398; x_wconf 84' lang='lat' dir='ltr'>nonnemo</span> <span class='ocrx_word' id='word_1_166' title='bbox 656 2333 797 2408; x_wconf 82' lang='lat' dir='ltr'>excuset,³</span> <span class='ocrx_word' id='word_1_167' title='bbox 823 2341 847 2397; x_wconf 90' lang='lat' dir='ltr'>si</span> <span class='ocrx_word' id='word_1_168' title='bbox 867 2352 1014 2417; x_wconf 88' lang='lat' dir='ltr'>peccatum</span> <span class='ocrx_word' id='word_1_169' title='bbox 1037 2342 1149 2401; x_wconf 89' lang='lat' dir='ltr'>veniale</span> 
     </span>
     <span class='ocr_line' id='line_1_21' title="bbox 56 2436 1148 2518; baseline 0 -21"><span class='ocrx_word' id='word_1_170' title='bbox 56 2449 164 2498; x_wconf 90' lang='lat' dir='ltr'>tantum</span> <span class='ocrx_word' id='word_1_171' title='bbox 178 2441 263 2499; x_wconf 88' lang='lat' dir='ltr'>fuerit</span> <span class='ocrx_word' id='word_1_172' title='bbox 275 2440 453 2516; x_wconf 89' lang='lat' dir='ltr'>apoenitente</span> <span class='ocrx_word' id='word_1_173' title='bbox 466 2436 602 2497; x_wconf 88' lang='lat' dir='ltr'>delatum.</span> <span class='ocrx_word' id='word_1_174' title='bbox 645 2440 678 2497; x_wconf 83' lang='lat' dir='ltr'>si</span> <span class='ocrx_word' id='word_1_175' title='bbox 691 2442 1025 2515; x_wconf 84' lang='lat' dir='ltr'>contingatpoeuitentem</span> <span class='ocrx_word' id='word_1_176' title='bbox 1038 2441 1148 2518; x_wconf 89' lang='lat' dir='ltr'>peccati</span> 
     </span>
     <span class='ocr_line' id='line_1_22' title="bbox 55 2537 1149 2616; baseline 0 -20"><span class='ocrx_word' id='word_1_177' title='bbox 55 2539 171 2598; x_wconf 88' lang='lat' dir='ltr'>alterius</span> <span class='ocrx_word' id='word_1_178' title='bbox 195 2538 335 2598; x_wconf 89' lang='lat' dir='ltr'>recordari</span> <span class='ocrx_word' id='word_1_179' title='bbox 358 2547 425 2616; x_wconf 92' lang='lat' dir='ltr'>post</span> <span class='ocrx_word' id='word_1_180' title='bbox 450 2537 657 2597; x_wconf 88' lang='lat' dir='ltr'>absolutionem</span> <span class='ocrx_word' id='word_1_181' title='bbox 683 2548 839 2615; x_wconf 87' lang='lat' dir='ltr'>acceptam,</span> <span class='ocrx_word' id='word_1_182' title='bbox 860 2538 985 2611; x_wconf 90' lang='lat' dir='ltr'>illudque</span> <span class='ocrx_word' id='word_1_183' title='bbox 1008 2541 1149 2606; x_wconf 87' lang='lat' dir='ltr'>confiteri,</span> 
     </span>
     <span class='ocr_line' id='line_1_23' title="bbox 55 2635 1148 2715; baseline -0.004 -18"><span class='ocrx_word' id='word_1_184' title='bbox 55 2648 169 2715; x_wconf 87' lang='lat' dir='ltr'>oportet</span> <span class='ocrx_word' id='word_1_185' title='bbox 180 2653 298 2697; x_wconf 89' lang='lat' dir='ltr'>utnova</span> <span class='ocrx_word' id='word_1_186' title='bbox 311 2640 337 2697; x_wconf 90' lang='lat' dir='ltr'>ei</span> <span class='ocrx_word' id='word_1_187' title='bbox 351 2640 514 2715; x_wconf 89' lang='lat' dir='ltr'>injungatur</span> <span class='ocrx_word' id='word_1_188' title='bbox 526 2639 690 2714; x_wconf 68' lang='lat' dir='ltr'>poenitentia</span> <span class='ocrx_word' id='word_1_189' title='bbox 702 2647 731 2696; x_wconf 91' lang='lat' dir='ltr'>et</span> <span class='ocrx_word' id='word_1_190' title='bbox 743 2636 823 2695; x_wconf 79' lang='lat' dir='ltr'>detrrr</span> <span class='ocrx_word' id='word_1_191' title='bbox 834 2635 972 2694; x_wconf 92' lang='lat' dir='ltr'>absolutio</span> <span class='ocrx_word' id='word_1_192' title='bbox 985 2655 992 2704; x_wconf 75' lang='lat'><em>3</em></span> <span class='ocrx_word' id='word_1_193' title='bbox 1004 2655 1056 2696; x_wconf 90' lang='lat' dir='ltr'>uec</span> <span class='ocrx_word' id='word_1_194' title='bbox 1071 2638 1148 2696; x_wconf 92' lang='lat' dir='ltr'>enirn</span> 
     </span>
     <span class='ocr_line' id='line_1_24' title="bbox 56 2736 1150 2816; baseline -0.005 -19"><span class='ocrx_word' id='word_1_195' title='bbox 56 2739 293 2816; x_wconf 85' lang='lat' dir='ltr'>poenitentiajam</span> <span class='ocrx_word' id='word_1_196' title='bbox 315 2739 442 2816; x_wconf 88' lang='lat' dir='ltr'>injuncta</span> <span class='ocrx_word' id='word_1_197' title='bbox 455 2738 560 2813; x_wconf 88' lang='lat' dir='ltr'>poterit</span> <span class='ocrx_word' id='word_1_198' title='bbox 577 2737 745 2795; x_wconf 89' lang='lat' dir='ltr'>sacramenti</span> <span class='ocrx_word' id='word_1_199' title='bbox 765 2738 867 2794; x_wconf 92' lang='lat' dir='ltr'>iterum</span> <span class='ocrx_word' id='word_1_200' title='bbox 889 2736 1065 2811; x_wconf 87' lang='lat' dir='ltr'>suscipiendi</span> <span class='ocrx_word' id='word_1_201' title='bbox 1085 2753 1150 2793; x_wconf 88' lang='lat' dir='ltr'>esse</span> 
     </span>
     <span class='ocr_line' id='line_1_25' title="bbox 57 2833 1149 2914; baseline -0.003 -18"><span class='ocrx_word' id='word_1_202' title='bbox 57 2838 190 2905; x_wconf 84' lang='lat' dir='ltr'>materia,</span> <span class='ocrx_word' id='word_1_203' title='bbox 208 2855 295 2910; x_wconf 88' lang='lat' dir='ltr'>quum</span> <span class='ocrx_word' id='word_1_204' title='bbox 314 2856 388 2914; x_wconf 88' lang='lat' dir='ltr'>opus</span> <span class='ocrx_word' id='word_1_205' title='bbox 409 2835 485 2894; x_wconf 86' lang='lat' dir='ltr'>idem</span> <span class='ocrx_word' id='word_1_206' title='bbox 510 2838 625 2895; x_wconf 87' lang='lat' dir='ltr'>nonsit</span> <span class='ocrx_word' id='word_1_207' title='bbox 650 2836 756 2914; x_wconf 91' lang='lat' dir='ltr'>duplici</span> <span class='ocrx_word' id='word_1_208' title='bbox 777 2835 858 2892; x_wconf 91' lang='lat' dir='ltr'>titulo</span> <span class='ocrx_word' id='word_1_209' title='bbox 885 2833 1015 2912; x_wconf 89' lang='lat' dir='ltr'>ejusdem</span> <span class='ocrx_word' id='word_1_210' title='bbox 1035 2836 1149 2912; x_wconf 89' lang='lat' dir='ltr'>generis</span> 
     </span>
     <span class='ocr_line' id='line_1_26' title="bbox 57 2935 1150 3014; baseline -0.005 -18"><span class='ocrx_word' id='word_1_211' title='bbox 57 2935 292 3014; x_wconf 77' lang='lat' dir='ltr'>precipiendum.</span> <span class='ocrx_word' id='word_1_212' title='bbox 334 2937 367 2993; x_wconf 87' lang='lat' dir='ltr'>Si</span> <span class='ocrx_word' id='word_1_213' title='bbox 380 2947 530 3013; x_wconf 88' lang='lat' dir='ltr'>peccatum</span> <span class='ocrx_word' id='word_1_214' title='bbox 543 2936 652 2994; x_wconf 88' lang='lat' dir='ltr'>veniale</span> <span class='ocrx_word' id='word_1_215' title='bbox 666 2937 693 2992; x_wconf 92' lang='lat' dir='ltr'>ei</span> <span class='ocrx_word' id='word_1_216' title='bbox 711 2937 739 2993; x_wconf 90' lang='lat' dir='ltr'>in</span> <span class='ocrx_word' id='word_1_217' title='bbox 762 2944 887 2992; x_wconf 90' lang='lat' dir='ltr'>mentem</span> <span class='ocrx_word' id='word_1_218' title='bbox 902 2935 1019 3002; x_wconf 91' lang='lat' dir='ltr'>venerit,</span> <span class='ocrx_word' id='word_1_219' title='bbox 1033 2953 1091 2993; x_wconf 89' lang='lat' dir='ltr'>non</span> <span class='ocrx_word' id='word_1_220' title='bbox 1106 2943 1150 2992; x_wconf 88' lang='lat' dir='ltr'>est</span> 
     </span>
     <span class='ocr_line' id='line_1_27' title="bbox 58 3035 654 3114; baseline -0.005 -21"><span class='ocrx_word' id='word_1_221' title='bbox 58 3055 131 3114; x_wconf 89' lang='lat' dir='ltr'>opus</span> <span class='ocrx_word' id='word_1_222' title='bbox 145 3036 311 3112; x_wconf 68' lang='lat' dir='ltr'>poenitentia</span> <span class='ocrx_word' id='word_1_223' title='bbox 324 3036 369 3093; x_wconf 92' lang='lat' dir='ltr'>vel</span> <span class='ocrx_word' id='word_1_224' title='bbox 382 3035 558 3094; x_wconf 88' lang='lat' dir='ltr'>absolutionc</span> <span class='ocrx_word' id='word_1_225' title='bbox 571 3054 654 3094; x_wconf 88' lang='lat' dir='ltr'>nova.</span> 
     </span>
    </p>

    <p class='ocr_par' dir='ltr' id='par_1_3' title="bbox 59 3130 1154 3892">
     <span class='ocr_line' id='line_1_28' title="bbox 98 3130 1150 3215; baseline -0.001 -22"><span class='ocrx_word' id='word_1_226' title='bbox 98 3140 167 3194; x_wconf 89' lang='grc'><strong>100.</strong></span> <span class='ocrx_word' id='word_1_227' title='bbox 190 3135 306 3212; x_wconf 85' lang='lat' dir='ltr'>injungi</span> <span class='ocrx_word' id='word_1_228' title='bbox 322 3136 425 3215; x_wconf 86' lang='lat' dir='ltr'>poterit</span> <span class='ocrx_word' id='word_1_229' title='bbox 438 3135 466 3193; x_wconf 92' lang='lat' dir='ltr'>in</span> <span class='ocrx_word' id='word_1_230' title='bbox 481 3135 687 3211; x_wconf 74' lang='lat' dir='ltr'>penitentiam,</span> <span class='ocrx_word' id='word_1_231' title='bbox 698 3135 782 3209; x_wconf 85' lang='lat' dir='ltr'>juxta</span> <span class='ocrx_word' id='word_1_232' title='bbox 802 3130 965 3208; x_wconf 84' lang='lat' dir='ltr'>plerosque,</span> <span class='ocrx_word' id='word_1_233' title='bbox 980 3151 1052 3209; x_wconf 89' lang='lat' dir='ltr'>opus</span> <span class='ocrx_word' id='word_1_234' title='bbox 1066 3135 1150 3192; x_wconf 84' lang='lat' dir='ltr'>iuter-</span> 
     </span>
     <span class='ocr_line' id='line_1_29' title="bbox 59 3233 1149 3312; baseline -0.001 -20"><span class='ocrx_word' id='word_1_235' title='bbox 59 3253 138 3304; x_wconf 89' lang='lat' dir='ltr'>num,</span> <span class='ocrx_word' id='word_1_236' title='bbox 153 3255 189 3292; x_wconf 89' lang='lat' dir='ltr'>v:</span> <span class='ocrx_word' id='word_1_237' title='bbox 205 3253 240 3312; x_wconf 87' lang='lat' dir='ltr'>g:</span> <span class='ocrx_word' id='word_1_238' title='bbox 256 3233 419 3302; x_wconf 82' lang='lat' dir='ltr'>meditati03</span> <span class='ocrx_word' id='word_1_239' title='bbox 442 3243 461 3269; x_wconf 86' lang='lat'><strong>“</strong></span> <span class='ocrx_word' id='word_1_240' title='bbox 475 3235 541 3306; x_wconf 91' lang='lat' dir='ltr'>quia</span> <span class='ocrx_word' id='word_1_241' title='bbox 554 3236 609 3292; x_wconf 86' lang='lat' dir='ltr'>tale</span> <span class='ocrx_word' id='word_1_242' title='bbox 622 3251 696 3310; x_wconf 92' lang='lat' dir='ltr'>opus</span> <span class='ocrx_word' id='word_1_243' title='bbox 714 3235 776 3311; x_wconf 86' lang='lat' dir='ltr'>jam</span> <span class='ocrx_word' id='word_1_244' title='bbox 790 3250 841 3309; x_wconf 89' lang='lat' dir='ltr'>per</span> <span class='ocrx_word' id='word_1_245' title='bbox 853 3251 887 3289; x_wconf 89' lang='lat' dir='ltr'>se</span> <span class='ocrx_word' id='word_1_246' title='bbox 900 3242 943 3291; x_wconf 91' lang='lat' dir='ltr'>est</span> <span class='ocrx_word' id='word_1_247' title='bbox 962 3235 1149 3301; x_wconf 89' lang='lat' dir='ltr'>meritorium,</span> 
     </span>
     <span class='ocr_line' id='line_1_30' title="bbox 59 3333 1148 3411; baseline 0.001 -20"><span class='ocrx_word' id='word_1_248' title='bbox 59 3344 87 3391; x_wconf 93' lang='lat' dir='ltr'>et</span> <span class='ocrx_word' id='word_1_249' title='bbox 99 3336 168 3392; x_wconf 88' lang='lat' dir='ltr'>satis</span> <span class='ocrx_word' id='word_1_250' title='bbox 181 3335 215 3391; x_wconf 84' lang='lat' dir='ltr'>fit</span> <span class='ocrx_word' id='word_1_251' title='bbox 233 3334 369 3392; x_wconf 86' lang='lat' dir='ltr'>sensibile</span> <span class='ocrx_word' id='word_1_252' title='bbox 382 3353 433 3410; x_wconf 88' lang='lat' dir='ltr'>per</span> <span class='ocrx_word' id='word_1_253' title='bbox 452 3334 667 3411; x_wconf 89' lang='lat' dir='ltr'>impositionem</span> <span class='ocrx_word' id='word_1_254' title='bbox 692 3333 856 3400; x_wconf 90' lang='lat' dir='ltr'>sacerdotis,</span> <span class='ocrx_word' id='word_1_255' title='bbox 872 3352 906 3390; x_wconf 92' lang='lat' dir='ltr'>ac</span> <span class='ocrx_word' id='word_1_256' title='bbox 924 3335 1148 3410; x_wconf 87' lang='lat' dir='ltr'>acceptationem</span> 
     </span>
     <span class='ocr_line' id='line_1_31' title="bbox 61 3427 1153 3510; baseline 0 -17"><span class='ocrx_word' id='word_1_257' title='bbox 61 3435 238 3509; x_wconf 80' lang='lat' dir='ltr'>penitentis,</span> <span class='ocrx_word' id='word_1_258' title='bbox 249 3444 334 3510; x_wconf 92' lang='lat' dir='ltr'>prout</span> <span class='ocrx_word' id='word_1_259' title='bbox 345 3433 477 3492; x_wconf 89' lang='lat' dir='ltr'>contritio</span> <span class='ocrx_word' id='word_1_260' title='bbox 491 3434 523 3490; x_wconf 86' lang='lat' dir='ltr'>frt</span> <span class='ocrx_word' id='word_1_261' title='bbox 536 3433 679 3492; x_wconf 88' lang='lat' dir='ltr'>sensibilis</span> <span class='ocrx_word' id='word_1_262' title='bbox 699 3451 751 3508; x_wconf 90' lang='lat' dir='ltr'>per</span> <span class='ocrx_word' id='word_1_263' title='bbox 767 3427 1029 3491; x_wconf 87' lang='lat' dir='ltr'>confessionem.&#39;’⁴</span> <span class='ocrx_word' id='word_1_264' title='bbox 1060 3434 1153 3493; x_wconf 81' lang='lat' dir='ltr'>Cete-</span> 
     </span>
     <span class='ocr_line' id='line_1_32' title="bbox 61 3533 1154 3611; baseline 0 -20"><span class='ocrx_word' id='word_1_265' title='bbox 61 3552 123 3591; x_wconf 89' lang='lat' dir='ltr'>mm</span> <span class='ocrx_word' id='word_1_266' title='bbox 137 3535 268 3610; x_wconf 89' lang='lat' dir='ltr'>plerique</span> <span class='ocrx_word' id='word_1_267' title='bbox 286 3544 424 3611; x_wconf 91' lang='lat' dir='ltr'>augentur</span> <span class='ocrx_word' id='word_1_268' title='bbox 436 3533 542 3599; x_wconf 88' lang='lat' dir='ltr'>animo,</span> <span class='ocrx_word' id='word_1_269' title='bbox 557 3533 715 3591; x_wconf 88' lang='lat' dir='ltr'>dubitantes</span> <span class='ocrx_word' id='word_1_270' title='bbox 728 3544 820 3591; x_wconf 88' lang='lat' dir='ltr'>utrum</span> <span class='ocrx_word' id='word_1_271' title='bbox 837 3533 1001 3609; x_wconf 87' lang='lat' dir='ltr'>hujusmodi</span> <span class='ocrx_word' id='word_1_272' title='bbox 1015 3536 1154 3609; x_wconf 79' lang='lat' dir='ltr'>preniten-</span> 
     </span>
     <span class='ocr_line' id='line_1_33' title="bbox 61 3631 1152 3712; baseline -0.002 -20"><span class='ocrx_word' id='word_1_273' title='bbox 61 3635 129 3692; x_wconf 90' lang='lat' dir='ltr'>tiam</span> <span class='ocrx_word' id='word_1_274' title='bbox 149 3633 340 3709; x_wconf 89' lang='lat' dir='ltr'>impleverint,</span> <span class='ocrx_word' id='word_1_275' title='bbox 355 3633 477 3705; x_wconf 90' lang='lat' dir='ltr'>ideoque</span> <span class='ocrx_word' id='word_1_276' title='bbox 504 3631 615 3690; x_wconf 92' lang='lat' dir='ltr'>videtur</span> <span class='ocrx_word' id='word_1_277' title='bbox 633 3652 697 3690; x_wconf 93' lang='lat' dir='ltr'>raro</span> <span class='ocrx_word' id='word_1_278' title='bbox 718 3633 903 3712; x_wconf 86' lang='lat' dir='ltr'>injungenda,</span> <span class='ocrx_word' id='word_1_279' title='bbox 925 3633 1054 3704; x_wconf 90' lang='lat' dir='ltr'>quamvis</span> <span class='ocrx_word' id='word_1_280' title='bbox 1075 3651 1152 3707; x_wconf 80' lang='lat' dir='ltr'>sepe</span> 
     </span>
     <span class='ocr_line' id='line_1_34' title="bbox 63 3731 1151 3808; baseline -0.005 -16"><span class='ocrx_word' id='word_1_281' title='bbox 63 3732 177 3792; x_wconf 88' lang='lat' dir='ltr'>consilii</span> <span class='ocrx_word' id='word_1_282' title='bbox 203 3732 291 3790; x_wconf 89' lang='lat' dir='ltr'>instar</span> <span class='ocrx_word' id='word_1_283' title='bbox 309 3731 537 3791; x_wconf 89' lang='lat' dir='ltr'>commendanda</span> <span class='ocrx_word' id='word_1_284' title='bbox 557 3733 603 3800; x_wconf 88' lang='lat' dir='ltr'>sit,</span> <span class='ocrx_word' id='word_1_285' title='bbox 627 3751 715 3805; x_wconf 92' lang='lat' dir='ltr'>quum</span> <span class='ocrx_word' id='word_1_286' title='bbox 741 3733 917 3808; x_wconf 75' lang='lat' dir='ltr'>precipuum</span> <span class='ocrx_word' id='word_1_287' title='bbox 942 3731 979 3787; x_wconf 89' lang='lat' dir='ltr'>sit</span> <span class='ocrx_word' id='word_1_288' title='bbox 1004 3731 1039 3787; x_wconf 93' lang='lat' dir='ltr'>ad</span> <span class='ocrx_word' id='word_1_289' title='bbox 1065 3731 1151 3787; x_wconf 90' lang='lat' dir='ltr'>vitam</span> 
     </span>
     <span class='ocr_line' id='line_1_35' title="bbox 63 3830 350 3892; baseline -0.007 0"><span class='ocrx_word' id='word_1_290' title='bbox 63 3850 167 3892; x_wconf 89' lang='lat' dir='ltr'>novam</span> <span class='ocrx_word' id='word_1_291' title='bbox 181 3830 350 3890; x_wconf 90' lang='lat' dir='ltr'>subsidium.</span> 
     </span>
    </p>

    <p class='ocr_par' dir='ltr' id='par_1_4' title="bbox 64 3925 1153 4104">
     <span class='ocr_line' id='line_1_36' title="bbox 103 3925 1152 4007; baseline -0.005 -19"><span class='ocrx_word' id='word_1_292' title='bbox 103 3934 171 3988; x_wconf 89' lang='lat'>101.</span> <span class='ocrx_word' id='word_1_293' title='bbox 193 3931 277 4007; x_wconf 86' lang='lat' dir='ltr'>Opus</span> <span class='ocrx_word' id='word_1_294' title='bbox 303 3933 332 3990; x_wconf 94' lang='lat' dir='ltr'>in</span> <span class='ocrx_word' id='word_1_295' title='bbox 352 3931 552 3989; x_wconf 86' lang='lat' dir='ltr'>defunctorum</span> <span class='ocrx_word' id='word_1_296' title='bbox 578 3931 709 3989; x_wconf 91' lang='lat' dir='ltr'>levamen</span> <span class='ocrx_word' id='word_1_297' title='bbox 736 3930 840 4005; x_wconf 90' lang='lat' dir='ltr'>poterit</span> <span class='ocrx_word' id='word_1_298' title='bbox 864 3926 1012 4003; x_wconf 71' lang='lat' dir='ltr'>poenitenti</span> <span class='ocrx_word' id='word_1_299' title='bbox 1032 3925 1152 4002; x_wconf 90' lang='lat' dir='ltr'>injungi,</span> 
     </span>
     <span class='ocr_line' id='line_1_37' title="bbox 64 4023 1153 4104; baseline -0.007 -15"><span class='ocrx_word' id='word_1_300' title='bbox 64 4031 129 4102; x_wconf 89' lang='lat' dir='ltr'>quia</span> <span class='ocrx_word' id='word_1_301' title='bbox 141 4031 310 4090; x_wconf 84' lang='lat' dir='ltr'>exercitium</span> <span class='ocrx_word' id='word_1_302' title='bbox 323 4039 367 4088; x_wconf 90' lang='lat' dir='ltr'>est</span> <span class='ocrx_word' id='word_1_303' title='bbox 386 4031 529 4090; x_wconf 89' lang='lat' dir='ltr'>charitatis</span> <span class='ocrx_word' id='word_1_304' title='bbox 549 4029 614 4088; x_wconf 91' lang='lat' dir='ltr'>Deo</span> <span class='ocrx_word' id='word_1_305' title='bbox 628 4027 780 4086; x_wconf 90' lang='lat' dir='ltr'>admodum</span> <span class='ocrx_word' id='word_1_306' title='bbox 801 4036 922 4104; x_wconf 88' lang='lat' dir='ltr'>gratum,</span> <span class='ocrx_word' id='word_1_307' title='bbox 937 4023 1013 4097; x_wconf 91' lang='lat' dir='ltr'>quod</span> <span class='ocrx_word' id='word_1_308' title='bbox 1032 4025 1101 4082; x_wconf 90' lang='lat' dir='ltr'>dum</span> <span class='ocrx_word' id='word_1_309' title='bbox 1123 4025 1153 4082; x_wconf 88' lang='lat' dir='ltr'>in</span> 
     </span>
    </p>
   </div>
   <div class='ocr_carea' id='block_1_3' title="bbox 134 4244 1086 4404">
    <p class='ocr_par' dir='ltr' id='par_1_5' title="bbox 134 4244 1086 4404">
     <span class='ocr_line' id='line_1_38' title="bbox 134 4244 1083 4318; baseline -0.003 -20"><span class='ocrx_word' id='word_1_310' title='bbox 134 4252 177 4317; x_wconf 91' lang='lat'>(1)</span> <span class='ocrx_word' id='word_1_311' title='bbox 197 4250 262 4300; x_wconf 83' lang='lat' dir='ltr'>Sese.</span> <span class='ocrx_word' id='word_1_312' title='bbox 273 4251 322 4302; x_wconf 81' lang='lat' dir='ltr'>xiv.</span> <span class='ocrx_word' id='word_1_313' title='bbox 333 4266 386 4316; x_wconf 84' lang='lat' dir='ltr'>cap.</span> <span class='ocrx_word' id='word_1_314' title='bbox 397 4251 447 4302; x_wconf 87' lang='lat' dir='ltr'>viii.</span> <span class='ocrx_word' id='word_1_315' title='bbox 457 4250 487 4302; x_wconf 83' lang='lat' dir='ltr'>dc</span> <span class='ocrx_word' id='word_1_316' title='bbox 494 4247 655 4318; x_wconf 76' lang='lat' dir='ltr'>penitentia.</span> <span class='ocrx_word' id='word_1_317' title='bbox 851 4247 893 4312; x_wconf 73' lang='lat'>(2)</span> <span class='ocrx_word' id='word_1_318' title='bbox 914 4244 975 4309; x_wconf 84' lang='lat' dir='ltr'>Cap.</span> <span class='ocrx_word' id='word_1_319' title='bbox 988 4244 1083 4295; x_wconf 92' lang='lat' dir='ltr'>Omnis.</span> 
     </span>
     <span class='ocr_line' id='line_1_39' title="bbox 134 4330 1086 4404; baseline -0.002 -18"><span class='ocrx_word' id='word_1_320' title='bbox 134 4336 489 4404; x_wconf 78' lang='lat' dir='ltr'>(a)s.A1pul.vi.nsor.</span> <span class='ocrx_word' id='word_1_321' title='bbox 844 4334 886 4399; x_wconf 75' lang='lat'>(4)</span> <span class='ocrx_word' id='word_1_322' title='bbox 905 4330 1086 4384; x_wconf 52' lang='lat' dir='ltr'>luminare.</span> 
     </span>
    </p>
   </div>
   <div class='ocr_carea' id='block_1_4' title="bbox 0 0 1342 4860">
    <p class='ocr_par' dir='ltr' id='par_1_6' title="bbox 0 0 1342 4860">
     <span class='ocr_line' id='line_1_40' title="bbox 0 0 1342 4860; baseline 0 0"><span class='ocrx_word' id='word_1_323' title='bbox 0 0 1342 4860; x_wconf 95' lang='lat' dir='ltr'> </span> 
     </span>
    </p>
   </div>
  </div>
 </body>
</html>
