2640 4860
454 371 511 432 DE
531 369 841 432 GONFESSIONE.
1143 377 1200 434 140

109 540 298 618 Singulorum
310 521 492 618 peccatorum
511 540 657 599 consessio
679 539 721 607 fit,
741 538 811 597 dum
833 538 897 611 quis
920 538 1031 613 quoties
1050 548 1199 615 peccatum

109 640 226 715 aliquod
247 639 402 708 admiserit,
422 639 539 698 latetur:
561 638 638 713 quod
658 638 774 711 quidem
788 636 949 696 necessarii
972 637 1133 698 iaciendum
1146 648 1199 709 est,

111 759 201 815 quum
215 758 304 798 unum
328 741 362 798 ab
387 740 475 798 altero
499 732 695 815 distinguatur,
717 746 746 795 et
758 755 793 795 eo
807 737 898 813 magis
911 756 975 795 reus
989 738 1054 810 quis
1067 737 1126 806 fiat,
1140 755 1199 812 quo
1283 736 1301 781 '-

110 840 217 916 saepius
241 838 369 910 deliquit.
424 839 570 896 Numerus
600 846 693 895 autem
721 843 849 895 accurate
875 837 958 894 statui
983 844 1200 911 nonnumquam
1280 828 1319 913 ἑ·

110 939 228 1010 nequit:
251 947 423 1015 quapropter
436 936 578 1014 poenitens
598 936 682 994 debet
694 935 762 1008 quid
775 934 968 993 verosimilius
982 936 1020 993 sit
1031 936 1155 1009 referret
1167 942 1219 1013 dt„

114 1056 168 1114 pro
181 1037 319 1113 temporis
333 1036 523 1103 diuturnitate,
533 1044 562 1093 et
575 1035 788 1094 consuetudinis
802 1035 969 1106 frequentia,
983 1018 1222 1121 sacerdoti-off

114 1137 242 1194 scientiae
268 1135 460 1195 conditionem
486 1152 648 1210 exponere:
676 1151 752 1209 saepe
773 1134 849 1192 enim
876 1132 912 1191 ad
938 1135 1084 1192 veritatem
1107 1135 1203 1215 mag'n
1232 1128 1236 1133 ’

115 1234 235 1302 accedit,
251 1235 299 1306 qui
312 1234 380 1292 dicit
392 1253 423 1291 se
437 1252 488 1310 per
501 1252 590 1291 annos
605 1242 661 1291 tres
675 1234 860 1290 consuevisse
869 1233 966 1309 jurare
981 1233 1077 1292 decies
1091 1233 1203 1292 circiter
1294 1228 1299 1261 ³
1315 1309 1316 1312 Ἴ

113 1334 237 1410 singulis
263 1331 373 1402 diebus,
400 1351 486 1405 quam
512 1333 562 1405 qui
588 1331 728 1404 quendam
749 1350 911 1400 numerum,
933 1330 1085 1390 divinando
1104 1333 1202 1400 veluti,
1240 1346 1244 1353 '

112 1433 210 1491 refert.
253 1431 350 1497 Quum
364 1441 457 1490 autem
473 1433 647 1489 internorum
669 1439 784 1489 actuum
804 1449 940 1489 numerus
962 1431 1045 1490 facile
1059 1441 1202 1509 augeatur,
1297 1416 1312 1443 ’ὦ

114 1532 223 1608 quippe
245 1531 293 1602 qui
314 1531 392 1590 nullo
414 1549 491 1589 nexu
512 1531 586 1589 inter
608 1549 640 1587 se
660 1530 882 1606 conjunguntur,
898 1531 1008 1603 quoties
1021 1536 1155 1589 renovata
1168 1532 1206 1590 sit

117 1631 348 1697 malevolentes,
363 1629 564 1706 explicandum
579 1631 641 1697 erit,
657 1637 796 1701 quatenus
809 1629 870 1686 fieri
884 1630 985 1705 possit.
1028 1630 1086 1697 Qui
1101 1632 1204 1708 juven·

115 1731 182 1788 tutis
204 1739 332 1804 tempore
355 1747 442 1805 prava
461 1728 590 1806 flagravit
609 1727 738 1795 libidine,
766 1727 834 1794 licet
852 1728 926 1785 nihil
946 1731 1107 1806 patraverit,
1122 1730 1206 1789 debet

114 1826 279 1887 confitendo
293 1827 434 1904 explicare
449 1837 518 1900 quot
531 1845 621 1885 annos
634 1828 816 1885 consueverit
829 1827 948 1884 interius
962 1827 1073 1896 cedere,
1094 1840 1123 1886 et
1136 1848 1205 1902 quo-

114 1928 169 1986 ties
183 1926 296 1985 circiter
308 1927 428 2004 singulis
442 1926 554 1995 diebus,
575 1935 659 2004 prout
671 1927 808 2001 potuerit:
830 1944 883 1983 nec
907 1925 972 1984 ideo
992 1927 1139 2004 ungendus
1162 1936 1206 1986 est

116 2028 224 2093 animo,
239 2026 316 2098 quod
329 2044 465 2084 numerus
479 2027 647 2103 plerumque
662 2034 789 2082 accurate
804 2024 914 2083 definiri
928 2035 1058 2098 nequeat.

157 2131 206 2183 38.
229 2125 375 2183 Numerus
394 2143 493 2185 eorum
507 2126 537 2184 in
551 2143 624 2199 quos
645 2125 774 2200 peccavit
786 2126 939 2200 poenitens,
954 2124 1138 2184 declarandus
1152 2135 1205 2194 est,

115 2225 219 2283 saltem
234 2226 258 2282 si
272 2225 450 2302 singulorum
460 2226 526 2302 jure
537 2226 605 2283 laesa
618 2225 691 2290 sint;
712 2224 752 2280 uti
765 2225 903 2301 contingit
922 2225 1051 2300 plurimis
1065 2226 1208 2284 calumnia

116 2323 240 2391 affectis,
256 2325 301 2381 vel
314 2326 501 2400 plurimorum
516 2323 649 2400 expilatis
663 2323 757 2380 bonis.
800 2321 883 2389 Quod
898 2325 1004 2382 sicum
1019 2326 1206 2402 plurimorum

116 2423 281 2481 offensione
302 2433 330 2480 et
349 2423 517 2481 detrimento
537 2423 600 2496 quis
621 2422 709 2498 egerit
733 2440 894 2498 perperam,
916 2424 987 2494 quin
1013 2443 1100 2482 cause
1124 2423 1209 2483 fuerit

117 2523 227 2590 damni,
250 2523 327 2595 quod
350 2542 447 2580 eorum
469 2523 537 2580 vitio
560 2523 663 2588 evenit,
684 2540 743 2579 non
763 2520 873 2578 videtur
892 2523 983 2579 teneri
1003 2522 1037 2580 ad
1057 2539 1208 2580 numerum

116 2641 217 2680 eorum
240 2622 429 2680 referendum.
471 2623 568 2680 Nemo
588 2630 663 2679 certe
689 2628 798 2677 tenetur
816 2637 967 2677 numerum
987 2639 1087 2678 eorum
1112 2638 1207 2679 coram

119 2723 226 2795 quibus
240 2722 368 2797 peccavit
380 2721 494 2789 referre,
509 2721 533 2778 si
548 2720 605 2779 illis
618 2739 676 2778 non
690 2719 776 2776 fuerit
790 2718 970 2785 detrimento,
984 2719 1031 2776 vel
1044 2718 1188 2777 scandalo.

160 2825 209 2878 39.
231 2822 320 2878 Actus
340 2830 475 2878 externus
496 2821 605 2896 peccati
625 2818 786 2876 necessario
802 2817 986 2875 declarandus
1000 2826 1058 2875 est:
1080 2819 1210 2889 quamvis

121 2921 197 2977 enim
212 2920 274 2978 solo
295 2920 398 2978 mentis
419 2920 565 2996 proposito
585 2918 649 2990 quis
670 2925 778 2992 peccet,
794 2927 887 2973 tamen
910 2925 988 2973 actus
1008 2916 1043 2974 ad
1056 2926 1209 2992 peccatum

121 3020 253 3096 pertinet,
281 3018 356 3091 quod
382 3018 522 3094 obtegitur
547 3027 575 3075 et
600 3015 803 3083 dissimulatur,
828 3014 896 3072 dum
918 3015 1010 3073 solum
1037 3014 1210 3075 desiderium

122 3119 291 3195 explicatur.

161 3221 211 3274 40.
234 3217 329 3283 Quum
350 3216 500 3275 fornicatio
521 3216 618 3292 specie
632 3214 754 3272 differta
775 3213 893 3272 tactibus
914 3213 1076 3290 impudicis,
1090 3214 1210 3288 aliisque

122 3325 221 3376 contra
241 3317 397 3374 castitatem
423 3316 554 3392 gravibus
575 3316 708 3390 peccatis,
729 3314 797 3371 satis
817 3332 876 3371 non
897 3322 941 3371 est
960 3314 1054 3391 gravis
1074 3333 1106 3372 se
1131 3333 1212 3373 reum

123 3434 279 3493 agnoscere
293 3416 403 3491 peccati
416 3424 513 3473 contra
522 3414 676 3472 castitatem
687 3431 751 3471 cum
766 3413 858 3471 soluta
866 3414 995 3481 admissi,
1007 3415 1033 3471 si
1047 3415 1109 3491 ipse
1122 3417 1213 3475 coitus

123 3515 285 3573 reticeatur.
328 3513 433 3574 Merito
456 3514 541 3590 igitur
566 3513 698 3572 damnata
723 3523 766 3569 est
791 3514 967 3589 propositio:
1003 3514 1093 3580 “Qui
1118 3515 1215 3573 habuit

122 3614 258 3692 copulam
269 3615 434 3673 oumsoluta
442 3611 578 3671 satisfacit
587 3612 777 3670 confessionis
786 3621 940 3689 praecepto,
952 3612 1066 3671 dicens:
1082 3613 1214 3670 commisi

124 3732 190 3772 cum
211 3713 303 3772 soluta
323 3732 407 3789 grave
428 3720 574 3789 peccatum
596 3723 694 3770 contra
713 3713 879 3779 castitatem,
900 3730 958 3769 non
978 3710 1148 3785 explicando
1168 3728 1214 3766 co·

126 3806 277 3890 pulum.’'²

166 3916 217 3969 41.
239 3909 370 3970 Effectus
384 3922 533 3987 peccatum
544 3919 657 3968 secutus
666 3907 852 3968 declarandus
863 3916 915 3974 est,
925 3914 1064 3979 quatenus
1079 3905 1215 3983 precisus

126 4021 181 4078 est,
196 4011 244 4069 vel
260 4011 349 4068 menti
365 4008 577 4082 quodammodo
595 4009 776 4067 obversatus:
799 4005 871 4064 adeo
889 4014 919 4063 ut
938 4005 1067 4061 voluntas
1083 4005 1110 4062 in
1131 4023 1216 4062 causa

125 4128 194 4168 eum
209 4109 342 4184 amplexa
355 4128 419 4166 esse
434 4108 570 4167 videatur.
613 4106 697 4175 Quod
706 4106 805 4179 siquis
814 4103 962 4162 consessus
976 4101 1060 4161 fuerit
1073 4113 1165 4162 actum
1179 4123 1217 4163 ex

167 4330 210 4394 (1)
230 4329 256 4377 S.
267 4327 341 4393 Alph.
352 4328 368 4378 l.
380 4328 411 4376 vi.
423 4343 451 4377 n.
461 4329 520 4377 468.
646 4329 688 4391 (2)
707 4325 790 4374 XXV.
801 4324 863 4374 inter
873 4322 999 4374 damnatas
1009 4324 1039 4374 ab
1047 4322 1120 4376 Alex.
1130 4323 1186 4378 vu.

646 4409 707 4464 14*
