2640 4860
480 111 538 172 DE
558 111 843 175 ΙΝΤΕΝΤΙΟΝΕ.
1171 118 1204 172 11

155 283 206 340 17.
227 279 456 348 Matrimonium,
470 297 559 352 quum
579 280 618 339 sit
636 289 805 350 contractus,
827 278 1005 339 conditiones
1024 279 1136 340 facilius
1158 277 1206 337 ad·

110 379 211 448 mittit,
226 380 357 452 quamvis
378 377 456 438 haud
474 387 582 437 temere
601 379 659 437 sint
679 381 829 457 ponende.
871 379 905 438 Si
917 380 1070 458 respiciant
1082 379 1206 457 prateri-

110 486 184 548 tum,
201 478 245 536 vel
259 496 386 556 praesens
400 487 523 555 tempus,
543 477 618 536 valet
630 487 800 548 contractus,
822 476 986 539 conditione
1000 479 1127 556 impleta,
1141 496 1204 546 seu,

110 578 153 634 utl
168 579 259 647 aiunt,
268 576 446 656 purificata.
487 577 534 635 De
547 574 641 636 futuro
654 579 739 637 etiam
752 586 896 656 ponuntur
908 577 1098 638 conditiones.
1126 578 1205 638 Ocn-

114 674 241 736 ditiones
254 687 351 753 turpes
365 697 428 751 quae
448 694 506 735 non
526 675 640 736 obstant
653 686 756 735 naturae
770 677 952 745 matrimonii,
972 687 1001 736 et
1012 677 1205 755 impossibiles

113 792 165 852 pro
179 795 240 835 non
253 775 373 853 adjectis
386 776 535 834 habentur.
576 775 623 834 De
643 775 689 834 his
709 777 844 836 omnibus
864 776 1017 853 specialius
1036 777 1067 835 in
1086 786 1205 837 tractatu

117 873 148 932 de
160 875 345 934 matrimonio
358 873 499 953 agendum
512 873 574 932 erit.

155 978 204 1033 18.
231 974 356 1034 Intentio
381 973 417 1034 ad
442 992 504 1033 rem
530 971 745 1033 determinatam
768 972 853 1052 dirigi
878 971 973 1043 debet,
999 993 1066 1033 nam
1092 975 1205 1034 animus

120 1071 242 1147 alioquin
255 1073 328 1132 foret
339 1091 430 1155 vagus
443 1081 472 1133 et
483 1073 624 1132 incertus:
646 1073 719 1133 nibil
731 1073 851 1151 proinde
865 1073 990 1132 efficeret
1003 1073 1052 1147 qni
1064 1092 1152 1133 unam
1166 1093 1204 1133 ex

120 1172 248 1248 plurimis
279 1172 381 1232 hostiis
406 1174 491 1233 vellet
522 1190 700 1242 consecrare,
733 1174 828 1233 animo
853 1172 889 1230 ad
914 1172 1022 1233 nullam
1047 1173 1207 1250 specialiter

122 1270 243 1331 directo:
264 1272 306 1330 uti
326 1282 444 1333 monent
463 1273 585 1332 Ritualis
609 1273 751 1331 Rubricae.
793 1272 937 1333 Caeterum
958 1290 1076 1331 necesse
1091 1283 1206 1332 nonest

121 1379 147 1427 ιι
171 1372 221 1444 qui
247 1371 436 1457 absolvendus
462 1382 505 1431 est
529 1373 646 1431 nomine
672 1373 839 1442 innotescat,
860 1370 1017 1432 dummodo
1042 1372 1072 1431 in
1098 1380 1206 1432 certum

123 1469 260 1543 quendam
282 1471 429 1531 hominem
448 1472 576 1530 animum
600 1469 725 1529 intendat
743 1471 888 1530 sacerdos.
929 1471 1016 1539 Quod
1034 1470 1060 1530 si
1072 1472 1159 1531 alium
1173 1490 1205 1530 se

123 1570 265 1630 absolvere
278 1580 366 1647 putet,
387 1572 429 1631 nil
451 1572 554 1640 obstat,
569 1568 724 1629 dnmmodo
743 1570 798 1627 sibi
811 1578 878 1628 tunc
891 1578 1060 1647 presentem
1073 1571 1142 1630 velit
1154 1572 1202 1628 ab·

123 1656 237 1728 solvere.
279 1669 315 1729 In
328 1671 507 1730 matrimonio
520 1678 613 1728 autem
626 1687 705 1728 error
718 1687 848 1746 personae
861 1669 942 1727 vitiat
954 1686 1137 1727 consensum.

158 1772 204 1828 19.
225 1769 361 1828 Praesens
378 1789 442 1828 esse
456 1771 541 1828 debet
560 1771 677 1828 materia
694 1768 725 1827 in
746 1787 833 1842 quam
852 1769 973 1827 intentio
992 1766 1089 1835 senor,
1102 1776 1134 1826 ut
1145 1786 1207 1827 mo·

124 1868 182 1927 nlis
197 1869 236 1926 sit
256 1870 420 1946 conjunctio
434 1870 507 1929 inter
519 1870 666 1928 materiam
687 1878 717 1926 et
735 1868 876 1927 formam:
899 1887 962 1941 quae
984 1877 1079 1927 tamen
1092 1867 1123 1926 in
1135 1886 1206 1927 non·

124 1968 203 2027 nullis
229 1970 414 2028 sacramentis
447 1969 550 2027 arctior
580 1987 645 2027 esse
671 1967 765 2026 debet.
816 1967 921 2026 Hostia
945 1966 1030 2046 longe
1056 1967 1165 2028 distans
1189 1988 1207 2026 a

123 2065 263 2126 sacerdote
276 2086 334 2127 non
347 2076 442 2146 potest
453 2067 598 2144 designari
610 2067 704 2126 verbis
717 2067 955 2126 consecrationis:
976 2076 1005 2126 et
1016 2085 1051 2126 ea
1063 2086 1126 2141 quae
1139 2086 1205 2127 eum

123 2165 183 2225 latet
195 2185 256 2225 non
269 2176 401 2226 censetur
413 2185 540 2246 proesens
553 2169 591 2236 ei,
611 2167 679 2226 licet
690 2185 789 2225 revera
802 2185 892 2244 prope
904 2166 951 2234 sit,
972 2185 1008 2224 v:
1022 2184 1058 2243 g:
1080 2168 1133 2226 sub
1145 2185 1206 2227 cor·

124 2266 226 2340 porali:
250 2266 328 2339 quod
348 2267 373 2326 si
395 2267 426 2325 in
445 2267 584 2343 corporali
603 2268 656 2324 snb
675 2266 761 2324 calice
774 2266 846 2325 forte
865 2267 912 2335 sit,
936 2265 1080 2324 censenda
1092 2275 1135 2323 est
1147 2265 1206 2343 ple·

123 2382 237 2440 nmque
251 2375 425 2435 consecrata,
440 2385 528 2440 quum
542 2366 729 2425 intentionem
741 2364 843 2424 habeat
855 2364 1041 2424 consecrandi
1054 2363 1161 2422 hostias
1175 2365 1206 2422 in

125 2467 260 2543 corporali
285 2466 446 2543 appositas:
477 2483 560 2525 secus
580 2467 607 2525 ei
631 2466 805 2542 ignoraverit
823 2464 946 2537 aliquam
973 2471 1074 2540 prater
1091 2462 1206 2521 unicam

125 2563 226 2624 adesse.
270 2565 431 2624 Praesentes
456 2577 525 2624 sunt
548 2565 703 2643 baptizanti
729 2583 802 2637 quos
828 2583 902 2637 aqua
926 2563 1088 2639 pertingere
1114 2562 1205 2620 valet:

125 2681 243 2738 presens
264 2673 310 2722 eet
331 2663 504 2723 confessario
523 2666 664 2742 poenitens
678 2684 695 2722 a
708 2662 839 2721 tribunali
861 2661 997 2720 recedens
1017 2669 1082 2719 ante
1096 2660 1207 2719 absolu·

125 2763 235 2832 tionem,
263 2782 351 2836 quem
370 2772 463 2822 mmen
483 2765 569 2841 longe
594 2763 719 2842 positum
739 2761 838 2834 nequit
862 2760 1027 2819 absolvere:
1055 2760 1105 2818 vix
1130 2759 1207 2818 enim

125 2864 258 2922 sententia
271 2864 303 2922 in
320 2863 382 2923 foro
402 2865 583 2923 conscientiae
602 2865 632 2922 in
653 2862 805 2920 distantem
824 2868 868 2918 est
886 2858 1065 2938 proferenda.
1107 2858 1207 2918 Matri·

124 2963 258 3051 noniumx
273 2965 348 3021 inter
373 2963 509 3023 distantes
535 2981 587 3041 per
612 2971 810 3042 procuratores
835 2961 964 3020 contrahi
989 2968 1093 3038 potest,
1118 2959 1207 3018 instar

125 3061 238 3122 aliorum
252 3070 456 3122 contractuum.
