2640 4860
182 384 239 440 196
364 377 421 437 DE
441 375 769 437 JURISDICTIONE
792 375 1081 440 GONFESSARII.

179 545 288 622 judice,
303 543 439 618 quicquid
452 553 534 602 sexto
554 553 697 621 praecepto
719 544 881 602 adversatur
901 547 1032 620 graviter,
1047 547 1109 604 sive
1128 546 1167 604 sit
1189 547 1262 605 solus

181 654 280 711 tactus,
294 645 356 702 sive
370 645 547 715 colloquium
561 643 755 719 impudicum;
769 661 835 700 nam
849 644 934 701 verba
954 645 1168 703 constitutionis
1181 646 1268 721 Apos-

183 743 274 800 1311333
288 761 372 801 omne
387 751 534 801 externum
549 751 696 817 peccatum
711 761 794 818 grave
806 741 888 817 plane
902 742 1147 819 complectuntur3
1168 753 1196 802 et
1207 744 1268 802 finis

181 841 254 918 legis
269 840 296 898 id
310 842 492 900 manifestum
508 842 583 906 13311,
599 860 686 912 quum
701 859 735 898 co
756 841 892 918 dirigatur
911 851 942 898 ut
960 842 1055 900 omnis
1079 843 1224 919 turpitudo
1243 853 1268 900 et

181 938 361 1017 impudicitia
381 962 397 998 a
417 950 514 998 sancto
540 958 656 997 munere
683 940 782 1016 procul
808 942 854 998 sit.
897 939 1038 999 Caeterum
1063 959 1126 1013 quae
1150 942 1267 999 venialia

181 1050 257 1108 sunt,
272 1038 318 1096 vel
339 1058 402 1112 quae
417 1041 541 1097 exterius
559 1057 617 1096 non
637 1038 767 1096 videntur
779 1041 887 1114 gravia,
902 1041 1033 1112 quamvis
1054 1039 1199 1118 ejusmodi
1218 1042 1271 1099 siut

181 1139 218 1197 ob
231 1157 349 1216 pravum
363 1140 450 1197 animi
465 1138 609 1205 affectum,
621 1138 666 1195 vel
680 1157 743 1211 quae
757 1137 840 1196 dubie
854 1148 919 1195 sunt
932 1139 1071 1207 mortalia,
1082 1158 1141 1197 non
1155 1158 1269 1198 censen·

182 1248 226 1296 tur
238 1238 453 1313 comprehendi.
496 1237 598 1295 Puella
618 1247 720 1293 tentata
740 1256 802 1309 quaa
822 1237 925 1294 restitit
944 1257 1002 1296 non
1024 1246 1067 1295 est
1086 1238 1230 1314 complex,
1243 1247 1268 1296 et

180 1335 245 1395 ideo
259 1337 367 1395 absolvi
381 1345 485 1412 potest,
500 1336 573 1393 siout
586 1337 670 1395 etiam
685 1355 747 1408 quae
761 1335 860 1394 leviter
873 1338 1012 1412 peccavit,
1026 1339 1161 1408 quamvis
1176 1337 1266 1396 forsan

177 1436 310 1495 sacerdos
324 1436 485 1511 peccaverit
496 1436 617 1511 graviter
631 1436 667 1492 ob
681 1454 797 1511 pravam
809 1436 1003 1502 intentionem,
1019 1444 1039 1470 ‘⁶
1053 1437 1121 1508 quia
1130 1436 1216 1494 Bulla
1228 1438 1266 1494 iu·

181 1534 336 1612 telligenda
348 1544 392 1591 est
404 1534 439 1592 de
460 1535 595 1609 complici
608 1534 720 1592 formali
740 1535 769 1592 in
789 1543 907 1611 peccato
928 1534 1039 1591 mortali
1057 1531 1183 1611 turpi.”¹
1209 1534 1265 1593 Sed

182 1635 215 1691 ab
230 1633 397 1712 hujusmodi
416 1633 575 1692 ministerio
589 1632 742 1707 quaerendo
755 1647 836 1691 extra
855 1634 1053 1692 necessitatem
1071 1635 1266 1710 gravissimam

181 1731 271 1791 aliena
281 1751 345 1790 esse
359 1734 477 1791 omnino
491 1732 582 1791 debet.

223 1835 290 1890 tto.
311 1831 330 1889 J
332 1833 478 1890 urisdictio
493 1833 521 1890 in
535 1831 706 1908 complicem
720 1850 778 1889 non
798 1831 950 1890 videturin
964 1840 1136 1908 perpetuum
1150 1833 1264 1899 sublata,

179 1928 230 1986 sed
257 1941 364 1989 tantum
385 1932 477 2004 quoad
499 1933 593 2007 ipsum
615 1930 766 1988 delictum:
789 1940 962 2006 quapropter
981 1941 1134 2006 postquam
1162 1932 1196 1988 ab
1215 1931 1266 1989 alio

180 2030 327 2089 sacerdote
340 2031 468 2088 absoluta
480 2040 525 2087 est
538 2030 587 2087 illo
601 2039 689 2096 reatu,
704 2030 807 2103 poterit
820 2030 854 2086 ab
868 2030 930 2086 aliis
950 2048 1013 2101 quoe
1028 2029 1169 2106 deinceps
1182 2028 1266 2086 admi·

179 2129 258 2196 serit,
279 2148 295 2184 3
315 2129 461 2186 sacerdote
476 2128 617 2204 complice
644 2128 771 2185 absolvi:
794 2127 844 2186 sed
872 2129 970 2201 nequit
992 2129 1027 2185 ab
1053 2128 1117 2188 aliis
1144 2128 1265 2206 peccatis

179 2224 287 2284 absolvi
301 2236 364 2285 aute
375 2227 584 2286 absolutionem
599 2227 632 2284 ab
646 2227 702 2285 alio
715 2228 901 2304 impetratam.

334 2461 359 2536 §.
381 2461 435 2520 lV.
477 2460 1095 2527 1133333333333333333333313313313.

220 2646 288 2702 147.
313 2640 349 2702 St
361 2643 470 2702 titulus
484 2646 525 2704 sit
539 2643 698 2713 coloratos,
714 2652 741 2702 ct
755 2663 837 2702 error
851 2644 1030 2710 communio,
1044 2664 1081 2701 v:
1097 2664 1133 2721 g:
1158 2645 1182 2702 si
1205 2645 1266 2717 quis

179 2740 350 2801 beneficium
365 2743 527 2819 parochiale
541 2745 703 2812 obtinuerit,
725 2752 753 2799 et
766 2741 850 2818 vulgd
871 2753 1019 2801 censeatur
1033 2743 1189 2819 parochus,
1202 2742 1268 2800 licet

179 2842 322 2899 occultum
336 2843 438 2910 obstet,
456 2844 521 2920 jure
544 2843 690 2910 canonico,
713 2843 960 2918 impedimentum,
982 2842 1157 2918 disceptatur
1176 2855 1269 2900 utrum

181 2939 217 2995 ob
242 2959 364 2999 errorem
391 2961 573 2999 communem
606 2942 773 3017 suppleatur
795 2942 967 3018 jurisdictio,
993 2943 1072 2999 nullo
1097 2942 1268 3017 suffragante

180 3038 253 3096 tituli
267 3041 378 3098 colore:
401 3041 479 3113 quod
499 3042 595 3117 plures
619 3041 769 3108 affirmant,
792 3059 878 3111 quum
902 3040 976 3099 ratio
990 3041 1136 3119 praecipua
1156 3041 1193 3097 sit
1213 3041 1269 3096 ani·

180 3154 290 3195 marum
305 3157 367 3209 quae
381 3139 505 3216 deceptae
520 3149 585 3197 sunt
598 3140 690 3196 salus:
713 3148 835 3197 attamen
859 3147 964 3216 negant
981 3140 1041 3207 alii,
1062 3140 1269 3198 contendentes

181 3253 239 3293 non
254 3254 317 3293 esse
338 3257 452 3299 causam
472 3239 539 3296 satis
561 3258 674 3314 gravem
701 3258 752 3296 cur
768 3239 929 3316 jurisdictio
944 3240 1090 3297 tribuatur.
1134 3239 1270 3297 “Proba-

179 3333 273 3391 biliter
286 3333 382 3392 dicunt
403 3335 559 3412 (nonnulli
573 3336 715 3414 theologi,
731 3336 873 3418 referente
890 3337 922 3394 S.
938 3336 1113 3416 Alpbonso)
1134 3357 1192 3396 non
1206 3355 1270 3394 esse

179 3431 346 3507 obligandos
361 3433 461 3492 fideles
476 3436 510 3493 ad
524 3435 690 3512 repetendas
711 3437 908 3495 consessiones
922 3438 996 3496 bona
1020 3437 1076 3495 fide
1090 3438 1179 3495 lactas
1193 3435 1270 3513 apud

178 3531 364 3600 sacerdotem,
379 3534 428 3604 qui
442 3553 479 3591 ex
491 3537 636 3593 communi
650 3555 743 3594 errore
758 3536 947 3594 confessarius
962 3529 1194 3614 reputabatur.'’²
1236 3535 1270 3593 ld

178 3638 272 3687 autem
285 3650 344 3689 non
357 3632 468 3690 videtur
481 3634 692 3692 extendendum
714 3635 748 3692 ad
772 3634 947 3693 sacerdotem
968 3655 1083 3712 vagum,
1106 3635 1156 3707 qui
1170 3634 1270 3708 aliqui·

177 3728 229 3786 bus
251 3729 380 3790 fidelibus
407 3733 505 3801 illusit,
527 3753 558 3790 se
584 3735 768 3810 approbatum
784 3733 854 3792 salsi)
876 3734 1047 3803 asserend03
1069 3733 1269 3792 consessiones

178 3829 296 3888 enimsi
310 3830 389 3891 lactae
403 3833 533 3892 invalidae
547 3834 664 3890 omnino
676 3832 814 3902 videntur,
828 3843 856 3890 et
868 3832 1028 3892 necessarii)
1042 3832 1188 3891 iterandae.

220 3933 287 3988 148.
309 3931 354 3989 De
381 3952 499 3990 casuum
523 3932 712 3990 reservatione
732 3932 852 4004 loquens
873 3934 1026 3991 concilium
1050 3932 1268 4000 Tridentinum,

176 4027 230 4084 ait:
253 4030 335 4088 “Pie
349 4031 513 4101 admodum,
525 4051 560 4090 ne
573 4031 626 4088 hac
639 4032 702 4106 ipsa
715 4033 866 4090 occasione
880 4033 983 4104 aliquis
997 4039 1104 4108 pereat,
1118 4031 1149 4089 in
1163 4030 1269 4088 Eccle-

175 4125 218 4180 sia
240 4126 297 4185 Dei
319 4129 491 4188 custoditum
510 4149 624 4207 semper
647 4131 708 4199 suit,
730 4130 857 4190 utnulla
879 4131 915 4190 sit
934 4131 1090 4189 reservatio
1103 4130 1133 4188 in
1147 4130 1269 4188 articulo

293 4330 335 4393 (l)
355 4329 382 4380 8.
394 4328 468 4393 Alph.
480 4330 496 4378 1.
508 4332 539 4379 vi.
550 4348 576 4381 n.
587 4335 644 4381 554.
901 4335 943 4400 (11)
963 4330 993 4380 L.
1006 4332 1037 4384 vi.
1048 4334 1143 4382 13572.
