2640 4860
174 312 275 419 and
295 352 658 451 cousuom‘nonn
679 354 995 423 nucnlnrsmra.
1114 371 1153 427 11

114 524 156 580 15.
174 520 258 583 Dum
277 510 554 598 plum'sacerdotes
568 520 604 579 ad
623 521 745 580 eandem
764 525 911 583 materiam
931 531 1154 591 consecrandam

10 646 23 719 p
77 629 249 689 concurrunt,
268 621 310 679 uti
322 621 355 678 fit
366 619 436 679 dum
456 619 629 689 ordinantur,
650 638 752 680 omnes
769 623 856 682 simul
875 625 961 682 verba
980 627 1153 702 proferentes

24 710 29 719 '
75 728 276 780 sacramentum
295 720 460 779 conficiunt
502 717 588 784 Quod
607 719 726 810 sinunus
747 736 811 779 ante
831 723 902 780 alios
921 741 956 783 es
974 726 1099 803 proferat
1117 748 1154 788 ex

71 817 222 877 intentione
236 817 424 876 consecrandi
446 816 671 894 independenter
683 819 718 877 ab
732 820 805 887 aliis,
822 821 887 897 ipsc
898 818 978 887 ndns
994 840 1152 886 consecrat.

71 912 145 983 Hine
167 925 268 976 monet
289 917 321 974 8.
345 916 513 993 Alphonsus
533 916 695 977 saosrtlot'es
721 937 812 976 novos
839 919 942 978 debore
967 922 1154 985 intentionem
1234 926 1238 933 '

68 1015 255 1089 morandi
267 1016 306 1074 ita
318 1015 448 1084 definire,
462 1024 493 1073 ut
505 1013 597 1085 uelint
661 1032 774 1075 socrate
788 1035 844 1074 una
857 1036 924 1077 cum
937 1021 1085 1098 episcopo,
1101 1043 1154 1083 nec

10 1144 14 1177 ,ι
68 1110 156 1184 1111111
176 1124 206 1174 ot
219 1124 251 1172 ut
269 1115 362 1174 nolint
380 1114 498 1173 calicem
581 1112 584 1117 '
687 1115 737 1183 ,si
756 1133 859 1192 panem
874 1117 946 1175 sorte
960 1118 1037 1177 haud
1056 1140 1154 1181 conse·

67 1205 230 1272 eraserint.1

59 1309 62 1312 ’
105 1315 153 1370 16.
176 1310 301 1380 Quando
327 1309 468 1370 dubitatur
488 1329 523 1368 an
546 1309 647 1369 hostie
668 1313 726 1370 sint
746 1321 928 1381 consecratae,
943 1333 978 1372 v:
1000 1334 1035 1392 g:
1057 1316 1154 1377 relicto

67 1402 173 1469 ciborio
182 1418 263 1475 extra
276 1409 447 1486 corporalea
462 1410 587 1475 sacrista,
602 1410 711 1469 absumi
724 1413 1046 1487 poteruntasacerdote‚
1062 1423 1157 1491 “post

69 1498 243 1589 ablutionem
261 1507 314 1573 sed
334 1515 397 1566 ante
417 1507 662 1584 purificationem:
691 1510 758 1582 quia
778 1510 903 1584 reliquiae
923 1514 1071 1589 sanguinis
1091 1524 1157 1573 sunt

70 1615 139 1664 certe
159 1590 382 1687 abdicatum,
393 1605 447 1665 sed
466 1605 566 1664 hostire
581 1607 636 1664 illae
650 1608 680 1665 in
694 1608 802 1666 ciborio
815 1618 881 1666 sunt
898 1604 1038 1668 dubiae.”²
1079 1611 1156 1671 Con·

71 1684 328 1771 serrandus-'sutem
341 1712 506 1787 ,nou-sunt.
528 1706 613 1763 etiam
639 1707 692 1762 sub
713 1705 886 1774 conditione,
907 1726 995 1779 quum
1015 1710 1156 1768 sacrificio

71 1804 279 1862 consecratione
293 1774 418 1879 ρβῐῦὂῑ,
431 1810 490 1869 non
503 1804 587 1860 liceat
597 1793 706 1861 ‘iterum
727 1822 913 1861 consecrare:
934 1824 987 1863 nee
1000 1807 1110 1867 videtur
1122 1809 1155 1866 S.

73 1901 218 1977 Alphonso
230 1901 325 1959 licere
337 1888 499 1970 easin'alia
518 1902 612 1959 Missa
625 1904 678 1959 sub
698 1901 859 1960 conditione
876 1921 1051 1973 consecrare,
1066 1924 1155 1978 quum

74 1998 142 2058 desit
150 2002 231 2078 justa
243 2018 338 2067 causa,
353 2000 459 2076 quippe
474 2018 544 2071 quas
557 2000 625 2056 lieet
637 2002 796 2059 absumere.

110 2102 157 2158 17.
189 2099 222 2157 Si
245 2099 397 2174 contigerit
421 2096 528 2156 hostias
552 2117 610 2156 non
632 2107 809 2158 consecratas
832 2101 1006 2157 consecratis
1032 2102 1156 2170 misceri,

74 2198 285 2267 emussiterum
299 2197 352 2258 sub
372 2195 536 2255 conditione
555 2196 755 2256 consecrandae
768 2207 858 2265 erunt,
873 2216 938 2256 nam
959 2200 1079 2258 intentio
1093 2219 1156 2273 quar

33 2300 38 2320 ¹
74 2293 172 2357 innon
182 2302 360 2370 consecratas
373 2293 501 2362 ferretur,
515 2295 852 2354 nonhaberetdefinitam
867 2291 1038 2357 materiam.³
1078 2298 1157 2358 Con·

74 2386 139 2457 diffo
150 2402 246 2465 eutem
259 2393 307 2453 illa
319 2402 415 2452 mente
427 2403 563 2470 concepta
576 2412 641 2453 oum
661 2394 788 2453 absoluta
800 2396 957 2453 intentione
971 2398 1156 2456 consecrandi

36 2502 40 2509 '
76 2491 194 2551 hostiam
209 2493 358 2569 majorem,
372 2491 507 2568 conjungi
521 2493 634 2568 poterit.

110 2594 156 2648 18.
179 2591 214 2648 81
227 2590 327 2648 hostie
342 2607 435 2667 parvae
446 2591 474 2648 in
489 2589 617 2648 fidelium
628 2589 859 2649 communionem
870 2589 971 2647 oblatae
982 2610 1040 2649 non
1054 2591 1158 2649 fuerint

74 2707 123 2746 una
143 2708 211 2747 cum
232 2689 325 2747 hostia
341 2688 452 2765 majori,
467 2688 632 2765 plerumque
652 2706 710 2753 non
730 2688 834 2746 debent
853 2691 1030 2746 consecrari:
1058 2688 1109 2745 sed
1133 2691 1157 2746 si

74 2787 153 2862 paulo
176 2796 244 2864 post
265 2786 427 2853 afferantur,
449 2787 546 2844 licebit
566 2805 615 2845 ees
637 2796 730 2844 mente
755 2784 868 2851 offerre,
891 2786 916 2842 si
939 2805 1020 2858 aequa
1041 2785 1158 2844 suadeat

74 2904 161 2944 causa.
204 2886 324 2962 Incepto
351 2903 460 2943 canone
486 2885 535 2942 vix
559 2885 636 2953 licet,
662 2885 719 2942 nisi
745 2885 840 2960 plnres
861 2881 931 2940 alids
952 2884 1081 2960 privandi
1101 2886 1158 2943 sint

74 2984 283 3043 communione.
325 2983 398 3042 Post
412 2983 655 3041 consecrationem
669 2982 770 3040 hostiae
785 2980 914 3056 majoris,
924 2983 986 3059 jam
999 2983 1158 3041 nullatenus

73 3081 135 3140 licet
147 3083 262 3151 aliasin
282 3081 381 3140 eadem
396 3081 490 3140 Missa
508 3100 685 3139 consecrare.
726 3081 760 3137 Si
778 3098 852 3137 unus
866 3080 904 3136 sit
916 3081 965 3152 qni
978 3079 1013 3138 ad
1033 3099 1159 3141 commu·

74 3183 186 3240 nionem
196 3180 316 3249 accedit,
331 3180 434 3257 poterit
442 3179 576 3238 sacerdos
587 3180 725 3238 exhostia
736 3179 836 3254 majori
846 3187 954 3254 partem
966 3180 1008 3238 1111
1022 3181 1157 3256 prebere,

74 3281 95 3337 si
108 3280 238 3352 alioquin
251 3279 299 3338 diu
313 3288 464 3355 expectare
478 3278 576 3336 debeat
585 3269 844 3337 communionem.⁴
923 3269 930 3283 '

110 3382 158 3436 19.
181 3376 252 3437 Non
265 3377 349 3436 debet
360 3378 449 3436 nimia
461 3376 616 3435 hostiarum
626 3377 709 3452 copia
722 3376 892 3443 consecrari,
903 3375 954 3433 sed
968 3395 1018 3453 pro
1032 3376 1159 3437 fidelium
1252 3388 1254 3394 ’

72 3476 209 3551 probabili
228 3493 366 3535 numero:
390 3494 453 3548 quae
473 3485 566 3534 autern
580 3477 611 3533 in
630 3475 809 3533 tabernaculo
830 3487 1014 3551 reponuntur,
1037 3477 1157 3554 singulis

74 3573 310 3643 hebdomadibus,
324 3592 375 3632 seu
395 3573 495 3631 saltem
509 3573 582 3632 intra
602 3572 764 3646 quindecim
777 3573 849 3641 dies,
864 3583 929 3631 sunt
947 3557 1158 3639 distribuendae,

74 3673 116 3731 vel
129 3672 314 3732 absumendae
328 3693 344 3731 a
357 3670 516 3731 sacerdote.
559 3672 591 3729 81
605 3672 744 3730 minorsit
757 3690 903 3739 numerus,
917 3680 1048 3746 poterunt
1060 3671 1159 3729 hostiae

74 3769 160 3830 dividi
179 3773 211 3830 in
232 3781 337 3848 partes,
358 3779 530 3829 nontamen
550 3769 620 3828 adeo
640 3788 742 3847 parvas
758 3780 790 3829 ut
808 3769 940 3827 fidelibus
960 3767 1079 3826 honeste
1099 3766 1159 3824 dari

72 3878 214 3943 nequeant
222 3866 247 3926 :⁵
266 3879 295 3928 et
307 3869 409 3928 divisio
422 3868 498 3945 apud
512 3869 597 3927 altare
610 3869 779 3946 plemmqne
792 3865 922 3924 facienda
934 3873 987 3921 est.

110 3972 161 4026 20.
183 3968 289 4028 Forma
302 3967 489 4027 Eucharistiae
503 3968 533 4025 in
553 3967 669 4027 Missali
689 3968 822 4026 Romano
835 3964 965 4022 habetur.
1007 3961 1042 4020 In
1055 3981 1158 4038 panem

207 4126 250 4192 (l)
269 4125 299 4174 L.
309 4125 340 4175 11.
351 4141 376 4176 n.
388 4128 447 4175 2³2.
716 4123 759 4188 (2)
779 4120 805 4169 S.
817 4118 893 4183 Alph.
904 4119 920 4167 l.
931 4118 963 4168 vi.
974 4135 1000 4169 n.
1011 4123 1069 4168 217.

210 4208 253 4275 (³)
271 4208 371 4269 ibidem,
381 4223 407 4256 n.
418 4209 477 4257 216.
719 4205 763 4270 (4)
782 4201 881 4261 Ibidem,
891 4217 917 4252 n.
932 4205 990 4252 217.

310 4293 352 4360 (5)
371 4291 538 4342 anemboum
546 4289 612 4356 apud
622 4289 649 4338 8.
660 4286 735 4352 Alph.
746 4287 762 4335 l.
774 4284 807 4335 vi.
817 4301 843 4334 n.
855 4286 915 4335 245.

110 4368 189 4429 Vos.
204 4369 320 4429 111.-s
