2640 4860
461 350 518 432 nn
540 350 848 412 cournssroun.
1145 359 1201 416 rso

108 520 189 582 dotis
208 537 308 579 eorum
328 517 456 578 callentis
474 517 612 597 linguam,
633 527 755 596 possunt
773 503 862 588 alteri,
887 519 937 594 qui
956 519 1132 594 aliquatenus
1152 539 1201 580 eos

111 619 259 698 intelligit,
269 618 408 688 confiteri,
417 619 593 692 quavaleant
605 619 723 686 ratione,
734 618 758 676 si
772 619 870 688 mortis
880 619 1038 696 periculum
1046 621 1202 687 immineat,

112 719 159 778 vel
168 719 255 796 juxta
267 719 373 795 plures,
388 719 413 775 si
425 726 523 794 urgeat
535 727 707 795 preceptum
720 717 871 794 paschale;
893 718 951 777 imo
964 719 989 777 si
1001 721 1117 797 cupiant
1129 719 1202 778 solvi

114 827 298 896 peccatorum
308 817 433 885 vinculo,
444 824 473 874 et
482 817 598 875 timeant
610 818 843 894 opportuniorem
855 816 1007 882 confitendi
1021 821 1202 878 occasionem

115 917 165 975 diu
179 916 235 974 sibi
249 915 416 975 defuturam.
459 915 600 974 Sacerdos
614 916 663 990 qui
676 935 759 975 suum
773 915 903 975 confiteri
923 927 1070 992 peccatum
1090 920 1201 992 nequit,

115 1015 173 1075 nisi
186 1014 277 1073 fracto
290 1015 385 1091 sigillo
405 1017 583 1085 sacramenti,
598 1015 668 1074 illud
687 1017 815 1075 omittere
835 1014 935 1073 debet:
956 1033 1009 1073 neo
1028 1018 1105 1074 enim
1123 1019 1201 1085 licet,

115 1115 202 1172 etiarn
229 1115 259 1172 iu
285 1112 425 1180 tribunali,
452 1113 561 1188 aliquid
587 1114 720 1192 proferre,
748 1134 805 1189 quo
832 1133 965 1173 arcanum
991 1114 1062 1173 adeo
1089 1134 1201 1175 sacrum

115 1211 261 1290 prodatur.
302 1211 360 1278 Qui
382 1230 467 1288 grave
487 1212 633 1282 damnum,
654 1214 826 1273 confessioni
846 1213 922 1273 haud
942 1212 1096 1283 adnexum,
1111 1233 1148 1273 ex
1167 1232 1203 1273 ea

114 1312 168 1370 sibi
182 1311 229 1368 vel
237 1311 316 1368 alteri
325 1309 438 1368 aliunde
449 1310 644 1380 adventurum,
655 1313 734 1369 timet
744 1331 781 1371 ex
789 1312 913 1386 quodam
922 1322 1040 1390 peccato
1048 1313 1200 1380 declarato,

116 1410 319 1477 excusatura
344 1408 414 1467 illud
439 1411 565 1468 reticeat.
611 1410 733 1478 Quando
759 1413 919 1489 penitenti,
944 1413 991 1470 vel
1015 1411 1200 1481 confessario,

116 1509 249 1569 imminet
273 1508 338 1565 vita
364 1501 522 1583 periculum
542 1528 580 1567 ex
605 1510 786 1570 confessione
811 1520 991 1588 peccatorum
1013 1511 1200 1588 singulorum,

116 1607 222 1666 sufficit
245 1625 307 1680 quae
334 1614 393 1665 tuto
419 1608 476 1666 dici
501 1619 624 1685 possunt
648 1607 785 1668 confiteri.
841 1609 892 1667 Sic
916 1611 942 1668 si
966 1612 1105 1686 poenitens
1130 1609 1201 1668 adeo

115 1714 231 1785 aegrotet
242 1714 274 1763 ut
292 1715 415 1778 nequeat
434 1716 551 1784 peccata
571 1725 717 1765 recensere
737 1709 842 1780 absque
856 1710 920 1766 vitm
938 1708 1115 1778 discrimine,
1130 1710 1198 1766 satis

116 1815 159 1864 est
172 1823 263 1865 unum
277 1804 429 1864 alterumve
444 1805 550 1874 audire,
564 1815 595 1865 ut
614 1806 783 1864 absolvatur.
826 1807 859 1863 Si
879 1817 961 1864 antea
980 1807 1055 1865 haud
1068 1809 1121 1866 rite
1135 1826 1201 1866 con·

115 1904 221 1973 fessus,
236 1905 323 1962 totius
336 1904 410 1973 ritae,
424 1905 471 1963 vel
486 1905 611 1964 diuturni
631 1907 766 1980 temporis
780 1906 863 1980 spatii
883 1905 1080 1964 confessiones
1101 1908 1202 1964 iterare

111 2005 171 2082 jam
194 2022 253 2061 non
273 2003 504 2080 valeat·poterit
523 2004 642 2071 absolvi,
661 2003 830 2076 quibusdam
850 2003 942 2071 dictis,
961 2005 1117 2081 praesertim
1138 2021 1201 2076 quse

114 2103 237 2169 reticuit,
259 2118 380 2175 qnaeque
401 2104 520 2179 patravit
539 2104 703 2180 sacrilegia:
733 2113 763 2161 et
781 2103 889 2180 integra
909 2104 1036 2161 omnium
1057 2103 1202 2161 confessio

116 2200 224 2260 differri
237 2201 349 2277 poterit,
359 2200 450 2259 donec
458 2202 640 2261 convaluerit.
683 2203 715 2260 Si
728 2202 860 2261 sacerdos
873 2202 936 2280 ipss
949 2203 1123 2280 periclitetur
1134 2201 1201 2269 vita,

115 2293 301 2378 poenitentem
321 2302 425 2376 poterit
444 2302 537 2359 statim
557 2301 714 2369 absolvere,
734 2320 793 2360 uno
813 2303 938 2371 alterare
957 2301 1053 2361 audito
1073 2309 1200 2378 peccato.

117 2400 201 2458 Peste
222 2399 357 2475 flagrante
377 2418 435 2458 non
455 2408 566 2458 tenetur
585 2400 774 2458 confessarius
788 2400 898 2459 adstare
909 2401 960 2460 diu
972 2401 1119 2478 penitenti
1137 2417 1203 2458 cum

115 2498 268 2557 manifesto
276 2499 320 2554 sui
330 2497 503 2565 discrimine,
514 2499 563 2556 sed
573 2508 737 2573 potest,nno
747 2499 869 2556 alterove
880 2508 997 2575 peccato
1005 2497 1111 2566 audito,
1123 2516 1201 2563 eum,

117 2598 276 2655 absolvere.
295 2594 417 2662 Quando
426 2597 567 2672 poenitens
578 2598 607 2654 in
615 2596 1040 2672 gravemnotamincurreretob
1049 2593 1203 2652 diuturnio·

115 2693 478 2759 remconfessioncm,dum
486 2705 568 2771 urget
576 2693 736 2753 celebrandi
746 2695 791 2750 vel
800 2691 1200 2759 communicandinecessitas,

115 2794 298 2871 probabiliter
311 2794 378 2852 dicit
389 2793 549 2873 Roncaglia
561 2793 737 2870 singulorum
749 2793 862 2870 plenam
876 2791 1084 2850 accusationem
1096 2789 1202 2848 differri

117 2912 220 2970 posse:
242 2892 293 2951 sed
308 2893 475 2969 plerumque
489 2893 625 2969 temporis
638 2894 773 2968 spatium,
788 2891 863 2964 quod
878 2891 908 2950 in
921 2889 1102 2948 confessione
1116 2890 1203 2965 plena

116 2992 418 3062 ‚insumendumesset
439 3011 497 3051 non
518 3003 563 3050 est
575 2992 656 3059 ratio,
672 3010 722 3049 cur
741 2991 805 3064 quis
819 2990 854 3048 ab
868 3008 902 3047 ea
920 2997 1082 3047 excusetur.
1124 2988 1202 3046 Inter

116 3111 216 3151 causas
231 3109 296 3165 quae
316 3099 455 3150 excusant
474 3112 491 3149 a
513 3092 598 3168 plena
618 3100 799 3167 peccatorum
819 3089 1010 3156 confessione,
1024 3105 1126 3164 magna
1145 3086 1202 3144 diei

114 3192 281 3250 solemnitas
301 3208 358 3248 non
378 3199 425 3248 est
441 3190 634 3257 recensenda3
668 3208 734 3247 narn
760 3188 937 3247 consuetudo
963 3187 1115 3254 Ecclesia,
1136 3203 1200 3258 quae

115 3292 225 3368 optima
244 3299 289 3347 est
307 3289 412 3348 divinae
431 3289 503 3365 legis
529 3292 679 3366 interpres,
701 3307 763 3346 eam
784 3307 842 3346 non
862 3286 999 3347 admittit:
1027 3296 1203 3363 quapropter

116 3389 302 3448 Innocentius
322 3389 376 3446 XI.
398 3388 627 3448 damnavithanc
648 3388 891 3465 propositionem:
914 3387 1027 3446 “Licet
1045 3404 1203 3444 sacramen·

116 3488 208 3547 taliter
222 3487 368 3546 absolvere
382 3487 527 3547 dimidiate
541 3488 698 3554 confessos,
713 3487 820 3546 ratione
833 3488 931 3565 magni
944 3505 1099 3546 concursus
1113 3485 1203 3562 poeni·

114 3589 245 3656 tentium,
260 3586 351 3658 qualis
365 3606 393 3644 v.
407 3607 436 3665 g.
451 3597 545 3664 potest
557 3588 719 3663 contingere
733 3588 762 3645 in
777 3587 823 3645 die
836 3587 957 3664 alicujus
976 3603 1085 3662 magna
1098 3584 1204 3642 festivi·

116 3687 190 3755 tatis,
206 3694 255 3745 aut
267 3681 498 3764 indulgentiae.”¹
538 3687 636 3745 Nemo
658 3704 675 3744 a
694 3685 855 3745 confitendo
868 3695 1021 3744 excusatur
1034 3684 1070 3740 ob
1083 3681 1203 3739 difficul-

117 3792 214 3853 tatem,
229 3802 293 3858 quae
313 3785 486 3864 confessioni
499 3787 555 3862 ipsi
568 3787 651 3855 inest,
665 3785 712 3843 vel
731 3787 768 3843 ob
788 3784 981 3842 estimationis
1003 3779 1203 3838 detrimentum

117 3882 197 3959 apud
203 3883 410 3943 confesarium
423 3904 430 3941 ε
445 3884 570 3958 alioquin
584 3892 707 3942 cessaret
715 3884 787 3962 legis
801 3883 854 3939 vis.
876 3868 977 3939 Sedet
989 3878 1038 3950 qui
1051 3883 1204 3934 excusatur

118 3998 135 4037 a
146 3981 233 4057 plena
246 3980 424 4041 confessione
437 3983 474 4042 ob
486 4002 586 4042 causas
599 4001 687 4059 supra
704 3981 870 4047 recensitas,
890 3978 999 4037 sublato
1019 3975 1098 4034 obice
1119 3973 1204 4032 debet

118 4079 247 4140 confiteri
261 4080 378 4140 omissa.

490 4283 532 4349 (1)
551 4279 618 4331 LIX.
629 4280 691 4331 inter
701 4278 847 4353 damnatas.x
