2640 4860
406 373 464 435 DE
485 373 608 435 MODO
629 373 915 437 CELEBRANDI.
1151 381 1209 438 117

105 548 279 598 nontamen
292 542 512 618 superueniente
520 543 598 601 inani
609 544 712 601 mentis
725 544 872 620 scrupulo.
914 543 1028 611 “Quod
1042 543 1068 602 si
1080 544 1210 603 timeatur

119 635 252 699 incursus
273 639 410 710 hostium,
424 642 471 701 vel
491 642 654 710 alluvionis,
669 643 714 701 vel
734 643 815 700 mina
826 642 883 702 loci
896 643 945 701 ubi
965 644 1130 712 celebratur,
1145 653 1210 703 ante

118 741 361 800 consecrationem
372 740 528 799 dimittatur
540 742 634 801 Missa
644 761 651 811 ;
670 752 736 819 post
746 743 987 801 consecrationem
999 742 1065 802 verd
1076 744 1209 802 sacerdos

125 839 279 897 accelerare
292 841 397 917 poterit
410 841 607 918 sumptionem
627 843 808 908 sacramenti,
823 842 937 900 omissis
951 843 1083 901 omnibus
1097 836 1209 901 aliis.”¹

120 938 215 997 Etiam
239 950 308 1015 post
329 940 450 998 hostiam
471 950 677 1009 consecratam,
699 942 794 999 licebit
813 941 964 1014 aliquando
984 940 1127 1011 recedere,
1142 943 1209 1000 vino

120 1036 193 1096 haud
206 1048 383 1107 consecrato,
398 1039 512 1112 quando
523 1042 679 1099 necessitas
687 1039 853 1118 hujusmodi
861 1042 947 1117 cogit,
958 1060 1024 1099 nam
1034 1060 1093 1100 non
1100 1051 1211 1100 tenetur

118 1137 151 1195 ad
164 1137 339 1197 sacrificium
353 1138 555 1214 perficiendum
571 1159 636 1197 cum
650 1149 725 1198 tanto
738 1141 784 1198 sui
797 1138 971 1198 discrimine.

161 1239 230 1295 119.
252 1238 347 1297 Missa
358 1237 394 1295 ad
406 1239 491 1297 breve
504 1250 615 1315 tempus
623 1240 791 1316 interrumpi
805 1249 900 1316 potest
912 1250 944 1298 ut
957 1239 1093 1297 morituro
1107 1239 1210 1298 dentur

118 1348 296 1396 sacramenta
315 1340 486 1397 necessaria.
529 1338 641 1397 Concio
660 1340 744 1397 etiam
764 1338 941 1398 laudabiliter
958 1357 995 1397 ex
1015 1339 1210 1398 vetustissimo

119 1454 196 1495 more
210 1446 278 1513 post
295 1438 488 1515 Evangelium
505 1437 633 1506 habetur,
648 1449 676 1497 et
688 1439 924 1498 commendantur
936 1438 1063 1497 fidelium
1077 1440 1210 1514 precibus

121 1535 318 1595 defunctorum
345 1539 456 1606 animae,
482 1546 512 1596 et
537 1539 741 1596 annunciantur
766 1538 838 1596 festa
857 1549 886 1597 et
903 1540 1023 1617 jejunia.
1066 1538 1210 1597 Caeterum

121 1635 232 1694 vitanda
244 1647 311 1695 sunt
323 1638 420 1695 omnia
428 1656 490 1710 quae
500 1648 620 1714 possunt
629 1638 759 1696 sacrificii
773 1637 901 1714 dignitati
915 1639 1072 1706 detrahere,
1086 1636 1210 1711 ideoque

123 1752 181 1806 quae
195 1754 242 1793 res
264 1737 385 1794 amissas
404 1747 543 1812 spectant,
559 1738 604 1795 vel
624 1738 722 1795 saeculi
742 1738 866 1814 negotia,
881 1737 948 1796 licet
963 1758 1028 1796 cum
1050 1738 1210 1815 Religionis

123 1835 237 1894 utilitate
261 1837 438 1909 aliquatenus
461 1839 624 1915 conjuncta,
649 1856 707 1895 non
730 1846 797 1895 sunt
819 1837 902 1895 facile
925 1838 1120 1896 immiscenda.
1163 1837 1209 1896 Ob

123 1935 344 1995 confirmationis
365 1937 603 1996 ministrationem
624 1937 673 1994 vix
690 1935 922 2014 interrumpenda
941 1947 984 1994 est
1004 1936 1106 2002 Missa,
1121 1954 1210 2008 quum

122 2045 233 2111 prestet
245 2053 309 2095 eam
323 2048 405 2093 antea
417 2037 462 2094 vel
476 2046 575 2112 postea
588 2035 664 2093 dare.

159 2140 227 2194 120.
249 2135 309 2201 Qui
328 2135 483 2194 ordinarias
505 2137 606 2195 Missae
626 2145 720 2212 partes
741 2137 853 2204 omittit,
868 2135 979 2194 scilieet
998 2134 1210 2194 consessionem

128 2236 158 2293 in
174 2236 319 2312 principio
338 2236 450 2303 Missae,
466 2235 639 2312 Epistolam,
656 2235 859 2313 Evangelium,
874 2237 1007 2295 collectas
1028 2236 1210 2312 principales,

128 2335 314 2403 offertorium,
329 2335 535 2412 prefationem,
550 2335 717 2394 fractionem
732 2335 844 2404 hostiae,
859 2346 888 2394 et
899 2336 975 2395 illius
995 2336 1166 2395 mixtionem
1180 2336 1211 2394 in

124 2436 299 2512 sangninem,
314 2444 413 2511 peccat
426 2435 590 2502 mortaliter,
601 2436 685 2512 juxta
704 2454 887 2494 communem
904 2437 1083 2493 seutentiam.
1125 2434 1211 2501 Quod

123 2535 221 2609 siquis
235 2552 273 2592 cx
287 2552 381 2592 errore
394 2535 479 2593 aliam
494 2553 546 2611 pro
560 2535 614 2592 alia
633 2534 783 2611 epistolam
804 2535 1020 2610 evangeliumvc
1040 2534 1209 2602 recitaverit,

123 2653 175 2693 non
189 2634 276 2694 debet
296 2634 403 2693 omissa
421 2635 549 2702 recitare,
563 2653 599 2692 ne
614 2632 683 2693 ordo
704 2633 835 2690 sacrificii
855 2633 997 2698 turbetur;
1019 2631 1102 2690 facile
1115 2640 1210 2689 autem

127 2753 201 2794 error
227 2734 276 2792 hic
304 2742 385 2791 vacat
409 2733 501 2811 culpa,
522 2735 570 2792 vel
596 2734 711 2792 nonnisi
737 2725 858 2794 venialis
881 2740 934 2788 est.
983 2728 1145 2806 Epistolam
1166 2731 1212 2790 vel

123 2833 311 2911 Evangelium
331 2831 407 2889 haud
425 2834 543 2892 recitare
563 2833 693 2909 privatim
711 2833 741 2888 in
761 2832 854 2889 Missa
873 2829 1006 2897 solemni,
1022 2848 1080 2887 non
1100 2829 1212 2888 videtur

124 2935 212 3010 gravis
226 2933 322 3010 culpa,
338 2934 485 2990 cantantur
504 2934 612 3010 quippe
626 2952 643 2990 a
661 2931 836 2989 subdiacono
850 2940 878 2988 et
896 2929 1037 2997 diacono;
1059 2927 1109 2986 sed
1127 2928 1211 3006 culpa

127 3034 256 3106 quadam
264 3041 319 3101 est,
331 3050 418 3103 quum
427 3033 553 3091 Rubrica
561 3031 724 3109 praescribat
734 3029 888 3088 celebranti
899 3048 932 3086 ea
940 3028 1072 3105 privatim
1082 3028 1209 3086 recitare.

159 3137 227 3192 121.
250 3132 286 3190 ln
306 3148 415 3190 canone
435 3130 503 3204 quid
523 3142 631 3190 mutare
657 3130 702 3188 vel
726 3131 855 3188 omittere
875 3126 1015 3196 consulti,
1036 3128 1132 3205 gravis
1152 3127 1211 3204 ple·

122 3250 237 3306 mmque
253 3241 297 3288 est
309 3229 412 3306 culpa:
434 3239 479 3289 est
496 3232 572 3291 enim
587 3221 725 3289 solemnis
740 3231 865 3289 maxime
886 3229 974 3287 oratio
988 3239 1017 3286 et
1029 3228 1110 3286 ritus.
1152 3227 1212 3293 Qui

122 3332 202 3409 igitur
222 3332 331 3390 omittit
350 3332 507 3402 quamlibet
532 3333 701 3399 orationem,
721 3329 768 3389 rel
786 3331 872 3389 verba
898 3338 996 3396 mutat,
1018 3347 1083 3386 cum
1108 3346 1211 3388 sensus

122 3429 298 3498 detriment0,
312 3431 555 3507 graviter‘peccat.
597 3430 680 3490 Idem
690 3426 844 3491 dicendum
858 3428 893 3487 de
907 3429 1062 3487 omissione
1076 3429 1211 3487 orationis

123 3529 294 3598 Dominicae,
308 3530 354 3587 vel
374 3528 487 3607 Agnus
501 3528 571 3598 Dei,
586 3530 633 3588 vel
651 3526 765 3589 Idicra
776 3547 843 3596 nos,
857 3527 903 3586 vel
923 3526 1055 3588 Domine
1067 3546 1129 3587 non
1142 3546 1211 3586 eum

125 3629 248 3709 dignus,
272 3629 318 3687 vel
344 3627 427 3699 Quid
447 3629 624 3698 retribuam,
646 3628 692 3687 vel
714 3631 865 3689 nominum
885 3626 1008 3704 plurium
1036 3638 1262 3711 sanctorum-²23

125 3729 177 3798 Qui
191 3729 301 3790 omittit
313 3729 462 3805 purificare
476 3738 609 3806 patenam
619 3737 648 3786 et
661 3729 777 3787 calicem
792 3729 913 3806 graviter
926 3735 1033 3802 peccat.
1163 3696 1268 3825 ’ξ’-*ᾖ

161 3835 231 3889 122.
253 3828 312 3897 Qui
325 3829 432 3887 omittit
443 3827 541 3910 Kyrie
551 3827 661 3888 eleismt
671 3827 781 3886 uidetur
793 3825 908 3886 nonnisi
923 3823 1069 3882 venialiter
1081 3826 1215 3898 peccere;'
1235 3830 1245 3851 ²¹

126 3929 178 3987 nisi
198 3926 369 3988 scandalum
389 3930 530 4005 praebeatz
557 3930 595 3986 ob
615 3927 796 4000 quodetiam
818 3923 899 3983 sacilc
920 3933 1053 3999 peccatur
1077 3918 1210 3996 graviter,

127 4027 281 4088 omittendo
294 4027 456 4104 Evangelio
470 4029 503 4085 S.
516 4026 535 4086 J
537 4028 637 4086 oannis
650 4027 703 4085 sub
716 4027 814 4093 finem,
829 4022 959 4096 quamvis
973 4037 1068 4098 perse
1081 4018 1145 4077 leve
1161 4017 1208 4076 sit.

127 4124 244 4187 veniale
257 4135 303 4186 est
314 4126 445 4186 omittere
458 4127 608 4186 Psalmum
627 4123 750 4192 Judicc,
765 4123 811 4181 vel
822 4138 909 4180 unam
922 4137 959 4179 ex
977 4120 1067 4180 tribus
1080 4117 1210 4179 collccb's

128 4228 338 4309 principalibus,
352 4227 399 4287 vel
410 4227 479 4286 alias
491 4226 626 4287 collectas
640 4222 791 4303 principali
804 4220 939 4298 adjectas.

405 4387 448 4458 (1)
468 4385 569 4437 biissclc
580 4384 651 4436 Rom.
662 4382 693 4434 de
703 4380 836 4432 defectibus
846 4394 872 4431 x.
884 4381 908 4428 2.
