2640 4860
113 364 173 419 294
383 354 440 414 DE
462 352 639 415 NATURA
658 353 935 415 MATRIMONII.

554 842 696 903 caPUT
722 842 763 902 11.

460 1059 499 1099 DE
520 1060 642 1100 NATURA
662 1058 855 1099 HATRIMONH·

493 1220 518 1295 §.
534 1218 557 1278 l.
599 1219 647 1278 Du
660 1237 821 1278 consensu.

153 1396 203 1450 28.
225 1389 453 1457 Matrimonium,
468 1399 611 1462 tamquam
628 1399 799 1458 contractus,
810 1399 854 1447 est
870 1388 992 1449 duorum
1016 1402 1128 1468 pactum
1149 1411 1193 1466 quo

114 1492 170 1550 sibi
184 1492 306 1549 invicem
321 1488 433 1547 tradunt
452 1498 590 1567 perpetuo
610 1499 776 1567 potestatem
791 1489 820 1547 iu
834 1507 886 1546 sua
906 1507 1031 1566 corpora
1044 1492 1075 1549 in
1094 1512 1195 1570 genera·

115 1591 200 1650 tionis
215 1600 325 1648 actum:
348 1589 492 1648 vinculum
503 1608 554 1646 seu
568 1599 656 1648 status
670 1588 843 1647 matrimonii
857 1597 901 1646 est
915 1597 935 1624 ·‘
946 1591 1035 1648 maris
1046 1600 1075 1649 et
1085 1591 1194 1652 soemiue

114 1688 460 1767 conjunctioindividuam
470 1691 533 1747 vitae
543 1689 777 1748 consuetudinem
787 1680 963 1746 retIneus.''1
990 1691 1195 1751 Sacramentum

114 1789 288 1848 matrimonii
302 1797 347 1845 est
359 1788 421 1865 ipse
441 1798 600 1847 contractus
615 1789 688 1846 inter
707 1788 866 1865 baptizatos
880 1788 979 1846 initus.
1028 1791 1149 1867 Signum
1161 1801 1195 1850 est

113 1888 323 1965 conjunctionis
348 1885 457 1946 Christi
480 1907 545 1946 cum
571 1888 714 1956 Ecclesia,
738 1888 923 1965 gratiamque,
949 1906 1006 1961 qua
1028 1891 1123 1949 anima
1142 1891 1196 1949 Deo

114 1989 306 2067 conjungitur,
322 1997 415 2064 auget,
430 1988 621 2063 specialiaque
635 1987 794 2065 impertitur
814 1986 932 2054 auxilia,
947 1988 1055 2061 quibus
1069 1999 1161 2048 sauote
1173 2007 1197 2048 se

113 2097 213 2164 gerant
225 2087 373 2163 conjuges.
415 2085 607 2163 Legitimum
620 2086 722 2145 dicitur
732 2086 954 2154 matrimonium,
966 2088 1196 2163 quandocumque

112 2186 160 2242 lex
173 2183 238 2251 Dei,
249 2185 294 2242 vel
305 2183 444 2242 Ecclesia
457 2204 515 2242 non
524 2185 617 2242 obstat
624 2194 785 2245 contractus
797 2185 883 2243 valori
895 2204 902 2241 ε
919 2187 962 2244 sic
973 2189 1024 2259 qui
1036 2189 1195 2266 baptismum

113 2301 169 2340 uou
181 2290 377 2358 susceperunt,
391 2282 489 2355 quales
502 2293 568 2340 sunt
580 2302 617 2341 ex
631 2283 812 2346 Amicorum
824 2303 875 2342 seu
894 2283 1107 2355 Qubberorum
1121 2297 1195 2355 secta,

111 2381 271 2458 legitimum
286 2381 403 2438 interae
417 2380 508 2439 soedus
522 2383 648 2460 conjugii
662 2386 768 2444 ineunt.
809 2382 924 2443 Rarum
936 2387 1149 2448 matrimonium
1161 2395 1197 2445 est

112 2481 186 2539 iuter
202 2480 367 2557 baptizatos,
382 2480 461 2539 uullo
474 2481 554 2540 obice
575 2483 698 2559 objecto,
713 2483 797 2558 quale
818 2481 1047 2556 Catholicorum,
1062 2490 1108 2547 vel
1122 2488 1197 2545 etiam

112 2580 318 2648 hereticorum,
346 2582 426 2639 nullo
452 2581 658 2658 impedimento
686 2583 885 2651 laborantium,
912 2583 1025 2656 dicitur,
1054 2599 1197 2660 antequam

112 2683 250 2760 conjuges
264 2681 393 2739 coierint.
450 2679 701 2741 Consummatum
721 2682 822 2740 dicitur
842 2691 908 2759 post
927 2686 1073 2761 copulam.
1120 2688 1196 2763 Ipsos

112 2781 309 2839 contrahentes
320 2799 383 2838 esse
397 2783 567 2839 sacramenti
581 2783 665 2859 hujus
679 2783 822 2840 ministros
837 2782 905 2839 alias
919 2782 1072 2845 docuimus
1083 2780 1107 2855 ;²
1121 2788 1198 2863 juxta

111 2882 281 2940 seutentiam
298 2898 479 2939 communem
502 2900 587 2953 quarn
611 2881 643 2938 S.
671 2882 839 2958 Alphousus
863 2877 992 2958 probat.³
1038 2885 1196 2944 Sacerdotis

112 2981 299 3040 ministerium
315 2978 350 3036 ad
369 2980 577 3038 solemnitatem
598 2983 737 3058 pertinet:
757 2979 866 3062 forma
880 2981 947 3040 verb
968 2999 1037 3043 sunt
1050 2986 1144 3053 verba,
1158 2983 1198 3042 vel

111 3089 207 3146 nutus,
222 3080 268 3137 vel
282 3079 336 3137 alia
355 3098 513 3138 cousensus
534 3081 649 3139 iudicia.
691 3079 825 3138 Materia
845 3092 953 3138 remota
974 3083 1037 3160 ipsa
1058 3097 1125 3145 sunt
1143 3102 1198 3143 cor·

110 3197 191 3254 pora,
207 3198 269 3252 quae
283 3180 312 3236 in
326 3196 410 3235 usum
421 3180 548 3257 conjugii
562 3179 716 3239 traduntur.
758 3180 896 3238 Proxima
907 3190 951 3238 est
962 3183 1078 3244 traditio
1087 3187 1160 3263 juris
1173 3185 1197 3241 iu

111 3294 154 3344 ea,
170 3295 232 3350 quae
246 3277 277 3332 fit
290 3276 357 3334 dum
371 3296 530 3336 cousensus
544 3281 721 3355 exprimitur.

149 3379 198 3432 29.
222 3373 430 3432 contrahentes
452 3379 664 3438 matrimonium
685 3379 789 3437 debent
808 3396 871 3436 esse
892 3380 922 3436 in
942 3383 1042 3456 gratia,
1059 3402 1145 3456 quum
1165 3384 1197 3440 sit

109 3480 317 3530 sacramentum
331 3472 470 3542 vivorum,
481 3484 509 3531 et
523 3474 586 3534 ideo
597 3479 707 3552 peccati
721 3478 848 3536 mortalis
861 3479 902 3536 rei
916 3491 984 3538 sunt
998 3481 1069 3540 illud
1084 3484 1196 3559 indigne

109 3569 311 3649 suscipiendo:
335 3575 465 3643 quamvis
487 3582 610 3631 autema
630 3577 775 3653 plerisque
796 3577 952 3636 habeantur
972 3582 1099 3642 ministri
1113 3602 1196 3641 sacra·

109 3673 209 3742 menti,
221 3672 342 3746 ideoque
357 3691 473 3750 peecare
485 3673 612 3731 dicantur
622 3676 737 3753 indigne
749 3676 935 3737 ministrando
947 3694 1165 3750 sacramentum,
1173 3691 1198 3740 et

108 3774 238 3853 indigno,
254 3773 433 3852 probabiliter
443 3784 641 3833 excusantura
654 3795 728 3834 novo
742 3787 829 3844 reatu,
839 3779 887 3850 qui
896 3781 1042 3856 praecipue
1056 3781 1198 3858 adstringit

110 3875 270 3934 ministrum
285 3875 446 3950 specialiter
459 3875 493 3932 ad
507 3875 536 3935 id
550 3877 675 3934 muneris
689 3885 896 3934 consecratum.
926 3878 1100 3940 Procurator
1110 3883 1197 3940 alieno

110 3975 227 4034 nomine
247 3974 428 4043 contrahens,
451 3976 500 4047 qui
520 3984 637 4053 peccato
664 3975 826 4048 inquinatus
847 3985 1021 4038 contractum
1043 3982 1106 4049 init,
1128 3979 1198 4040 haud

244 4142 287 4206 (l)
308 4141 369 4204 Cap.
381 4141 414 4191 xi.
426 4141 456 4190 de
465 4151 603 4206 presumpt.

245 4227 288 4290 (2)
307 4225 394 4273 Theol.
406 4224 495 4286 Dogm.
505 4232 573 4276 tract.
587 4227 636 4276 xvi.
649 4227 687 4276 Do
700 4225 863 4287 Matrimonio,
873 4244 893 4277 c.
906 4228 939 4277 iii.
952 4230 998 4278 vol.
1012 4231 1044 4281 iv.

243 4309 286 4372 (3)
305 4307 335 4356 L.
347 4309 379 4357 vi.
390 4325 414 4358 n.
427 4312 484 4358 880.
