2640 4860
255 356 312 419 Du
336 355 634 419 SUSCEPTIONE
655 354 970 419 EUCHARISTIAE.
1073 418 1076 423 ,
1117 365 1154 421 91

65 541 173 602 corpus
186 523 314 593 intraret,
337 543 422 598 quam
443 525 535 582 ceteri
556 524 630 582 cibi:
652 542 719 583 uam
739 523 804 582 ideo
817 543 868 600 per
880 526 1047 584 universum
1060 526 1157 586 orbem

64 640 130 679 mos
144 623 198 680 iste
212 618 388 681 servatur.”¹
429 622 526 700 Hujus
546 621 704 699 discipline
730 624 912 682 occasionem
932 634 1022 683 ortam
1042 643 1106 692 esse
1119 644 1158 684 ex

67 717 287 778 Corinthiorum
301 722 478 788 excessibus,
493 740 565 794 quos
578 721 722 798 redarguit
734 721 852 790 Paulus,
873 723 1035 782 verosimile
1049 733 1103 793 est,
1117 726 1159 783 uti

65 818 268 877 animadvertit
287 820 349 896 ipse
371 820 548 897 Augustinus
569 821 599 878 iu
621 820 705 877 verba
724 819 788 876 illa:
812 820 956 880 “Cretera
977 831 1071 881 autem
1091 841 1158 882 cum

65 935 174 976 venero
188 917 359 977 ordinabo.”
403 917 519 976 “Unde
532 918 653 994 intelligi
667 917 757 985 datur,
775 916 855 997 (quia
868 921 988 978 multum
1001 931 1070 990 erat,
1084 931 1116 981 ut
1128 923 1158 980 iu

68 1015 191 1092 epistola
211 1025 300 1074 totum
323 1016 403 1075 illum
423 1016 527 1093 agendi
540 1016 669 1074 ordinem
684 1017 846 1085 insinuaret,
862 1037 946 1090 quem
961 1019 1094 1078 universa
1107 1040 1159 1098 per

67 1114 170 1173 orbem
185 1124 281 1172 servat
292 1112 437 1193 Ecclesia)
462 1115 497 1173 ab
517 1115 581 1189 ipso
600 1114 761 1173 ordinatum
782 1134 846 1172 esse
868 1115 944 1189 quod
957 1117 1035 1175 nulla
1047 1136 1158 1178 morum

67 1213 234 1271 diversitate
248 1209 419 1270 variatur.”²
459 1211 706 1271 Consuetudinem
726 1211 801 1270 hanc
818 1216 875 1271 vim
888 1215 961 1292 legis
974 1215 1079 1274 habere
1092 1235 1159 1275 con·

67 1320 124 1368 stat
138 1330 175 1369 ex
189 1312 335 1369 communi
347 1311 476 1370 fidelium
490 1329 585 1379 sensu,
597 1321 624 1368 et
634 1311 762 1387 pluribus
776 1306 958 1372 canonibus.³
999 1313 1064 1372 Nec
1078 1314 1160 1373 datur

67 1410 187 1467 materia
199 1410 270 1467 levis
289 1409 318 1466 in
339 1429 368 1467 re
390 1411 459 1468 tanti
480 1410 635 1477 momenti3
658 1427 724 1466 nam
740 1411 831 1486 agitur
849 1412 885 1469 de
902 1413 1059 1471 reverentia
1081 1423 1159 1472 tauto

67 1517 250 1566 sacramento
274 1507 384 1566 debitat
407 1517 578 1585 quapropter
600 1515 722 1580 “neque
737 1519 803 1584 post
815 1514 1039 1589 assumptionem
1065 1531 1160 1585 aque,

68 1606 115 1664 vel
131 1607 244 1664 alterius
258 1607 315 1665 eibi
328 1616 375 1663 aut
387 1615 481 1682 potus,
495 1607 540 1664 vel
561 1607 646 1664 etiam
665 1605 827 1675 medicinae,
849 1610 878 1667 in
899 1619 1159 1684 quantumcumque

67 1723 156 1781 parva
169 1706 333 1777 quantitate,
347 1705 415 1763 licet
427 1706 483 1763 hoc
495 1714 702 1763 sacramentum
717 1708 856 1783 accipere.
887 1708 952 1767 Nec
965 1708 1051 1767 refert
1063 1718 1159 1768 utrum

69 1803 177 1876 aliquid
191 1803 358 1880 hujusmodi
372 1805 484 1871 nutriat,
505 1804 552 1861 vel
566 1821 623 1862 nou
638 1804 750 1871 nutriat,
766 1815 812 1862 aut
825 1823 931 1880 perse,
945 1820 993 1865 aut
1004 1828 1070 1867 cum
1085 1809 1158 1874 aliis,

70 1900 228 1960 dummodo
241 1913 370 1962 sumatur
382 1922 433 1980 per
447 1901 562 1961 modnm
576 1902 633 1960 cibi
646 1902 691 1959 vel
705 1895 840 1978 potus.’'⁴

110 2005 160 2058 55.
184 2001 218 2059 In
230 2002 293 2059 vitae
304 2001 477 2070 discrimine,
489 2002 550 2060 sive
564 2002 668 2059 oriatur
680 2019 717 2058 ex
731 2002 839 2070 morbo,
851 2003 976 2071 vulnere,
985 2003 1030 2060 vel
1039 2022 1158 2071 veneno,

68 2099 140 2158 licet
162 2119 220 2158 non
237 2101 346 2177 jejunis
366 2102 513 2177 suscipere
536 2100 747 2159 Eucharistiam
769 2102 857 2158 instar
880 2103 992 2160 viatici:
1013 2121 1068 2160 nec
1087 2121 1160 2179 opus

68 2210 115 2256 est
128 2208 160 2257 ut
170 2199 235 2272 quis
248 2199 279 2256 in
292 2201 356 2276 ipso
370 2200 448 2257 exitu
462 2201 526 2257 vitae
540 2200 650 2276 positus
664 2201 717 2268 sit3
738 2199 790 2257 sed
810 2200 915 2259 sufficit
927 2219 1012 2278 grave
1024 2220 1090 2260 esse
1104 2200 1161 2258 dis·

69 2298 192 2366 crimen,
206 2311 235 2356 et
248 2299 394 2375 probabile
406 2317 471 2357 esse
484 2317 550 2357 eum
563 2299 686 2376 amplius
699 2317 761 2357 eam
776 2318 889 2358 sumere
903 2319 960 2359 non
974 2320 1071 2377 posse.
1114 2300 1161 2358 Eo

68 2406 189 2473 urgente
202 2398 341 2474 periculo,
359 2399 464 2476 jejunii
483 2398 685 2476 obligationem
706 2398 779 2456 solvi
794 2400 884 2472 liquet
897 2419 933 2458 ex
946 2409 1081 2476 perpetua
1094 2418 1162 2458 con·

70 2496 234 2564 suetudine,
256 2515 341 2569 quam
366 2497 481 2573 agnovit
499 2498 652 2556 concilium
674 2495 906 2565 constantiense,
926 2498 1000 2555 hanc
1014 2515 1162 2573 apponens

69 2596 294 2671 exceptionem:
317 2597 401 2654 “nisi
421 2597 451 2654 in
474 2615 543 2654 casu
564 2595 733 2654 infirmitatis
754 2604 802 2653 aut
814 2596 927 2653 alterius
941 2595 1164 2662 necessitatis,a

64 2693 132 2768 jure
146 2694 195 2752 vel
209 2694 344 2753 Ecclesia
370 2713 518 2764 concesso,
542 2695 588 2753 vel
608 2688 785 2753 admisso.’'⁵
825 2693 902 2751 Hinc
915 2709 1035 2751 necesse
1049 2702 1165 2750 nonest

66 2803 220 2868 expectare
231 2792 356 2851 mediam
367 2804 490 2861 noctem,
500 2793 711 2871 utpericlitanti
719 2811 776 2850 non
783 2792 885 2868 jejuno
893 2791 975 2850 detur
985 2792 1164 2858 communio,

69 2908 159 2961 quum
174 2892 240 2968 lege
254 2891 363 2950 solutus
377 2891 511 2950 habeatur
521 2887 544 2950 :⁶
564 2892 616 2950 sed
637 2893 686 2966 qui
709 2892 740 2948 in
762 2890 896 2966 proximo
918 2889 1017 2948 mortis
1036 2889 1163 2965 periculo

68 3007 125 3046 non
141 2999 280 3058 versatur,
301 3001 330 3049 et
354 3000 448 3066 potest
463 2992 569 3064 absque
592 2992 671 3067 gravi
691 2987 876 3048 incommodo
893 2990 1011 3065 jejunus
1037 3005 1162 3055 manere,

69 3095 191 3155 miretur,
202 3074 288 3166 juxta
302 3090 334 3147 S.
350 3089 550 3166 Alphonsum3
565 3091 615 3164 qui
628 3099 721 3146 tamen
735 3095 834 3145 monet
845 3105 902 3144 non
918 3105 983 3145 esse
996 3085 1164 3162 scrupulose

72 3183 313 3261 procedendum.⁷
368 3189 503 3246 Damnati
526 3189 626 3266 capitis
648 3186 752 3245 debent
769 3187 863 3264 jejuni
885 3185 1114 3244 communicare:
1136 3185 1162 3243 si

72 3296 166 3343 tamen
180 3287 320 3344 sententia
334 3287 428 3344 statim
451 3287 489 3343 sit
508 3286 669 3345 executioni
692 3283 898 3353 demandanda,
913 3293 1044 3362 possunt,
1069 3285 1163 3343 soluto

68 3385 192 3460 jejunio,
207 3387 372 3444 necessario
386 3385 490 3442 muniri
504 3379 632 3442 viatico.⁸

109 3487 159 3540 56.
182 3484 339 3542 Infirmitas
353 3483 389 3542 de
403 3500 458 3555 qua
470 3483 596 3555 loquitur
609 3482 761 3541 concilium
777 3482 1000 3542 Constanticnse
1015 3485 1109 3560 gravis
1123 3483 1165 3540 in·

73 3580 207 3657 telligitur
220 3601 286 3641 cunr
299 3583 399 3640 mortis
413 3582 541 3657 periculo
554 3583 723 3659 conjuncta:
745 3583 784 3640 ita
796 3583 873 3639 enim
886 3582 973 3640 habet
985 3578 1163 3640 consuetudo

72 3681 251 3739 universalis.
294 3681 384 3757 lgitur
404 3698 461 3738 non
484 3680 550 3738 licet
569 3682 713 3756 egrotanti
737 3699 795 3739 uon
810 3681 913 3757 jejuno
927 3679 993 3737 dare
1007 3676 1162 3736 Eucharis-

73 3777 174 3838 tiamsi
189 3798 249 3837 non
263 3780 301 3836 sit
314 3779 459 3855 probabile
473 3778 572 3838 mortis
585 3780 765 3855 periculum:
787 3785 960 3853 quapropter
970 3777 1018 3847 qui
1031 3774 1164 3832 diuturna

158 3955 184 4017 l)
204 3952 252 4017 Ep.
264 3952 304 4001 liv.
318 3952 376 4001 elias
388 3953 469 4003 cxviii.
704 3955 746 4019 (2)
766 3951 865 4000 Ibidem.

157 4040 185 4102 3)
206 4036 268 4100 Cep.
280 4053 303 4084 v.
314 4035 344 4087 de
354 4035 423 4089 celeb·
442 4038 520 4088 Cone.
532 4037 616 4088 Carth.
628 4037 662 4086 iii.
673 4053 727 4086 cen.
738 4036 807 4085 xxix.
829 4033 908 4082 Tolet.
920 4031 960 4081 vii.
971 4047 1018 4081 cau
1029 4032 1064 4080 ii:

178 4124 189 4188 )
209 4120 242 4169 iii.
253 4137 277 4185 p.
290 4137 330 4183 qu.
341 4121 411 4171 lxxx.
422 4128 465 4172 art.
478 4122 527 4171 viii.
538 4122 569 4171 ad
578 4123 602 4170 4.
713 4121 755 4184 (5)
776 4115 957 4168 constantiens.
969 4116 1035 4165 Sese.
1047 4115 1099 4165 xiii.

177 4206 188 4268 )
208 4203 316 4252 Antoine
329 4204 360 4253 de
372 4204 452 4254 Euch.
464 4221 485 4254 c.
496 4205 521 4255 ii.
533 4221 574 4269 qu.
587 4204 619 4254 ir.
635 4200 741 4253 Observa
752 4201 769 4249 ι.
