2640 4860
410 377 466 436 DE
489 374 795 437 OONFESSIONE.
1091 385 1147 439 157

242 798 246 803 ¹
307 726 334 803 §.
356 726 425 787 vn.
466 726 514 786 Du
535 745 670 786 marram
689 746 891 787 surrrcmurr.

97 957 147 1011 58.
172 960 192 988 “
205 950 347 1021 venialia,
362 969 534 1025 quamquam
548 960 622 1009 recte
643 960 671 1009 et
684 953 797 1020 utiliter,
811 953 936 1026 citraque
949 971 1064 1013 omnem
1078 972 1150 1031 prae·
1228 980 1270 1049 -a'a

55 1052 252 1128 sumptionem
275 1051 305 1109 in
328 1051 507 1110 confessione
528 1049 665 1118 dicantur,
690 1051 766 1124 quod
786 1052 899 1127 piorum
913 1052 1063 1113 hominum
1077 1075 1147 1113 usus
1262 1046 1271 1059 ’

56 1152 242 1219 demonstrat,
266 1152 353 1209 taceri
373 1159 467 1208 tamen
487 1149 557 1207 citra
569 1149 692 1226 culpam,
706 1150 860 1223 miultisque
874 1151 937 1209 aliis
951 1151 1086 1212 remediis
1100 1172 1148 1211 ex·

55 1252 129 1330 piari
158 1240 329 1326 possunt.”¹
367 1248 412 1308 Ita
437 1247 542 1305 docent
566 1247 666 1306 Patres
692 1248 867 1315 mertini.
916 1251 950 1308 Si
976 1252 1040 1325 quis
1063 1253 1149 1310 unius

56 1347 226 1426 hujusmodi
239 1349 346 1423 peccati
361 1367 392 1406 se
406 1356 531 1414 accuset,
552 1365 617 1404 cum
640 1348 729 1407 animi
749 1344 857 1416 dolore,
879 1359 984 1408 certam
997 1351 1080 1427 ponit
1156 1346 1199 1403 ³.-

59 1449 160 1507 teriam
188 1447 374 1505 absolutioni:
409 1465 462 1503 nec
483 1447 559 1504 enim
580 1464 698 1504 necesse
725 1455 768 1504 est
787 1456 818 1504 ut
844 1447 879 1504 de
906 1450 1037 1507 omnibus
1063 1362 1208 1511 sim(-

59 1548 164 1615 doleat‚
180 1564 267 1618 quum
282 1547 393 1604 nullum
407 1563 504 1602 eorum
518 1564 584 1602 eum
599 1545 656 1604 Dei
669 1547 758 1622 gratia
773 1547 874 1621 privet.

100 1649 150 1703 59.
179 1645 302 1702 Peccata
323 1643 453 1703 mortalia
476 1645 538 1720 jam
565 1638 829 1721 remissa‘possunt
856 1646 957 1703 iterum
986 1645 1100 1714 deferri,
1122 1657 1153 1705 ut

59 1763 138 1805 novo
161 1743 248 1801 animi
267 1742 374 1812 dolore,
402 1752 431 1799 et
447 1744 491 1800 sui
515 1743 723 1811 humiliatione,
747 1745 865 1819 gratiam
887 1746 1054 1821 ampliorem
1076 1764 1152 1804 asse-

59 1852 162 1918 quatur
182 1843 335 1919 poenitens‚
357 1862 374 1900 a
393 1849 510 1918 peccato
530 1842 652 1917 amplius
673 1842 796 1899 ablutus.
840 1842 951 1900 “Licet
971 1843 1005 1903 de
1026 1846 1152 1902 necessi·

59 1953 117 2001 tate
144 1942 261 1999 nonsit
282 1943 383 2000 itemm
410 1939 509 1998 eadem
535 1941 661 1998 confiteri
692 1939 839 2018 peccata,”
867 1942 958 2013 inquit
978 1941 1152 2000 Benedictus

59 2040 116 2100 xl.
139 2048 263 2098 “tamen
284 2049 315 2098 ut
337 2039 493 2098 eorundem
520 2049 702 2115 peccatorum
723 2041 837 2097 iteretur
862 2039 1015 2108 confessio,
1041 2052 1153 2118 reputa·

61 2158 128 2198 mus
151 2133 314 2197 salubre.’'²
354 2138 426 2196 Haec
447 2139 556 2215 peccati
575 2139 678 2215 prioris
702 2140 844 2197 accusatio
872 2139 938 2196 facit
965 2150 997 2197 ut
1020 2151 1096 2198 certa
1116 2141 1154 2198 sit

62 2247 243 2297 sacramento
258 2239 381 2305 materia,
393 2257 482 2311 quum
497 2237 623 2309 alioquin
637 2237 672 2295 de
686 2238 784 2296 dolore
793 2239 830 2296 ob
843 2238 941 2314 culpas
955 2239 1079 2297 veniales
1094 2258 1153 2299 non

61 2337 150 2397 facile
177 2345 297 2405 constet,
328 2346 356 2410 et
375 2336 504 2394 nonnulli
531 2337 579 2393 vix
609 2338 721 2414 culpam
747 2348 821 2395 certe
849 2338 990 2396 venialem
1016 2337 1153 2398 deferant.

64 2437 163 2503 Quum
183 2435 269 2512 igitur
288 2436 420 2494 sacerdos
441 2435 569 2493 dubitans
589 2433 624 2492 de
645 2437 761 2494 materia
780 2435 826 2493 vel
846 2436 942 2495 dolore
963 2447 1087 2508 nequeat
1107 2439 1155 2496 ab·

64 2535 189 2601 solvere,
211 2543 323 2612 praestat
341 2544 373 2592 ut
396 2521 512 2592 certum
533 2544 680 2610 peccatum
706 2535 767 2609 jam
798 2536 951 2592 remissum
977 2534 1153 2611 proferatur3

62 2633 115 2692 sed
129 2642 157 2690 et
170 2651 287 2691 necesse
310 2645 353 2691 est
372 2636 475 2691 iterum
499 2632 533 2690 de
554 2652 589 2690 eo
603 2632 714 2690 dolere:
737 2651 803 2689 nam
824 2640 954 2708 “peccat
973 2633 1095 2707 graviter
1107 2633 1156 2704 qui

62 2733 147 2790 etiam
166 2733 230 2789 sola
244 2733 373 2802 venialia,
395 2732 440 2789 vel
460 2732 521 2789 sola
541 2732 671 2790 mortalia
684 2729 753 2789 alias
774 2730 915 2797 consessa,
929 2731 991 2786 sine
1007 2731 1086 2788 omui
1099 2731 1155 2788 for·

65 2831 134 2889 mali
160 2830 260 2888 dolore
286 2832 446 2898 confitetur,
467 2830 611 2902 quianon
637 2831 718 2905 ponit
750 2831 896 2887 materiam
923 2831 1101 2897 sacramenti,
1128 2838 1157 2886 et

65 2930 168 2988 saltem
182 2930 310 3007 periculo
323 2931 464 3006 sacrilegii
487 2949 517 2987 se
531 2930 649 3005 exponit
658 2923 705 2984 :”³
725 2937 898 3004 quapropter
911 2926 1107 2984 animadvertit
1119 2927 1152 2986 S.

62 3026 232 3106 Alphonsus
245 3029 412 3087 confessarii
426 3030 456 3086 iu
474 3047 508 3086 eo
522 3027 677 3085 desiderari
691 3027 886 3104 diligentiam3
907 3044 970 3098 quae
984 3027 1010 3084 si
1024 3024 1154 3096 desuerit,

45 3164 48 3169 -
66 3129 294 3205 plurimarum
313 3128 508 3186 confessiones
528 3127 623 3184 nullae.
666 3135 685 3161 “
696 3125 848 3194 Caeterum,
864 3144 929 3183 oum
943 3126 1084 3201 poenitens
1097 3144 1157 3184 uon

65 3227 113 3284 dat
136 3227 284 3287 materiam
312 3237 427 3294 certam,
449 3245 507 3283 non
533 3235 642 3283 tenetur
664 3225 853 3284 confessarius
873 3245 935 3283 eam
962 3227 1111 3298 exquirere
1126 3233 1157 3283 ut

66 3325 195 3383 absolvat
206 3345 214 3393 3
236 3337 264 3382 et
277 3344 343 3382 casu
358 3344 415 3399 quo
428 3325 605 3397 exquisierit,
621 3334 649 3380 et
661 3343 717 3382 non
732 3324 868 3400 repererit
881 3333 985 3383 certam
997 3327 1155 3393 materiam,

64 3425 103 3482 ait
115 3426 234 3502 Sporer,
249 3443 278 3482 n.
294 3427 343 3482 56.
358 3443 415 3483 uon
429 3433 539 3482 tenetur
552 3423 698 3480 absolvere
722 3424 775 3480 sub
796 3423 969 3492 conditione,
985 3445 1050 3483 cum
1065 3425 1156 3502 poeni·

64 3534 210 3581 tenstunc
233 3523 343 3581 nullum
364 3523 420 3603 jun
435 3532 542 3581 certum
562 3521 662 3579 habeat
688 3521 722 3579 ad
744 3522 832 3590 illam,
856 3523 970 3595 quando
992 3544 1050 3582 non
1074 3523 1156 3580 affert

63 3624 213 3681 materiam
227 3630 342 3689 certam,
356 3622 459 3680 saltem
471 3620 555 3678 dubie
569 3621 794 3678 necessariam.'’
850 3621 971 3687 Quoties
985 3640 1059 3680 nova
1072 3621 1154 3678 datur

63 3716 216 3788 absolutio,
231 3706 373 3796 precellat
391 3719 535 3778 consessio
555 3737 672 3776 neeesse
693 3729 745 3787 est,
760 3738 824 3776 nam
840 3738 914 3776 nova
928 3718 1074 3776 sententiaa
1089 3734 1153 3791 pro·

63 3817 133 3876 latio
146 3820 342 3896 cognitionem
362 3837 455 3877 causae
478 3818 614 3890 sequitur.
656 3819 695 3875 At
707 3818 733 3874 si
746 3816 845 3874 eadem
859 3825 984 3891 peccata,
1009 3833 1072 3887 quae
1091 3814 1154 3889 jam

104 4037 146 4102 (l)
166 4036 232 4084 Sese.
243 4036 293 4086 xiv.
305 4051 357 4100 cap.
369 4052 392 4084 v.
404 4035 434 4086 de
442 4035 533 4104 poenit.

105 4123 146 4186 (2)
165 4120 267 4169 Extrav.
280 4121 296 4168 i.
306 4119 335 4170 de
342 4120 461 4189 privileg.
474 4125 498 4180 §-
514 4118 704 4185 Vmumdnfin.

106 4205 148 4269 (3)
167 4201 341 4263 Busembaum,
352 4203 417 4268 apud
429 4205 455 4252 S.
467 4203 543 4267 Alph.
558 4204 574 4252 l.
587 4203 618 4251 vi.
629 4219 654 4251 n.
665 4204 724 4249 433.
810 4200 853 4266 (4)
873 4198 901 4247 S.
910 4198 985 4263 Alph.
994 4199 1010 4248 1.
1021 4199 1053 4248 vi.
1066 4215 1091 4249 n.
1102 4200 1160 4248 432.

111 4299 188 4357 Voc.
205 4298 343 4357 [IL—15
