2640 4860
182 383 243 440 204
412 374 471 434 DE
492 372 669 431 GASUUM
689 373 1033 435 unsERvnTIONE.

184 543 314 623 episcopi
333 539 465 607 adeundi,
479 541 636 617 presertim
650 540 675 597 si
687 541 848 617 poenitentis
862 543 970 601 mentio
986 541 1118 605 facienda
1131 552 1189 613 est,
1203 541 1280 618 quod

183 645 289 716 absque
303 642 366 718 ejus
385 641 501 698 licentia
519 639 680 697 nullatenus
700 639 776 707 licet,
793 640 839 697 vel
851 641 877 697 si
889 658 927 703 ex
945 640 1088 719 adjunctis
1104 645 1237 720 suspicio
1250 645 1279 703 iu

183 760 262 800 reum
277 741 378 799 cadere
391 739 493 817 possit.
1249 744 1254 755 '

225 845 292 900 168.
314 838 461 916 Peregrini
469 837 577 895 absolvi
588 848 708 914 possunt
715 839 802 916 juxta
807 837 930 898 diocesis
941 848 1045 899 statuta
1057 841 1088 899 in
1102 859 1162 914 qua
1171 824 1278 900 versari

186 940 345 1017 contigerit,
372 939 484 1011 quoties
509 955 547 994 ex
572 956 625 994 sua
650 937 767 994 dioecesi
792 956 851 996 uon
877 939 1061 1016 migraverint
1086 941 1118 998 iu
1145 939 1275 1000 fraudem

183 1038 392 1097 reservationis.
434 1037 467 1094 Si
480 1046 628 1112 peccatum
649 1034 917 1109 admiserint-quod
931 1047 990 1095 tum
1004 1038 1034 1095 iu
1044 1038 1164 1097 dioecesi
1176 1040 1208 1098 in
1221 1058 1279 1113 qna

183 1148 339 1207 versantur,
356 1144 416 1194 turn
431 1137 459 1194 in
478 1153 540 1203 sua,
555 1144 726 1192 reservatum
747 1145 800 1203 est,
816 1145 962 1209 nequeunt
980 1137 1091 1196 absolvi
1110 1137 1170 1197 nisi
1191 1139 1276 1198 abeo

183 1239 232 1311 qui
251 1238 337 1295 habet
348 1235 508 1294 facultatem
524 1235 553 1292 in
568 1243 719 1302 reservata,
734 1236 764 1292 in
777 1235 894 1293 dioecesi
906 1236 955 1293 ubi
968 1237 1149 1294 confitentur.
1191 1237 1226 1295 Si
1240 1239 1276 1296 sit

183 1346 356 1395 reservatum
371 1336 448 1392 inea
466 1333 592 1400 dioecesi,
606 1352 664 1391 nou
678 1335 815 1392 tamenin
829 1353 890 1403 sua,
905 1344 1053 1408 nequeunt
1071 1335 1192 1405 absolvi,
1208 1337 1276 1410 quia

182 1436 336 1495 reservatio
349 1434 464 1510 respicit
477 1431 582 1490 directe
596 1433 795 1501 confessarios,
806 1452 927 1505 quorum
941 1443 1066 1510 potestas
1080 1435 1155 1492 iutra
1167 1434 1274 1494 limites

183 1545 336 1594 croecetur.
378 1533 410 1590 Si
430 1533 468 1590 sit
486 1541 658 1590 reservatum
672 1533 702 1589 iu
722 1550 774 1589 sua
793 1531 920 1600 dioecesi,
935 1533 1006 1606 quin
1019 1534 1056 1591 sit
1069 1534 1098 1590 in
1119 1550 1154 1590 ea
1167 1534 1198 1592 in
1218 1553 1275 1608 qua

84 1614 90 1625 ⁸
182 1636 360 1701 confitentur,
388 1641 509 1708 possunt
533 1632 652 1699 absolvi,
679 1631 745 1703 quia
770 1631 1008 1690 confessariorum
1034 1639 1163 1708 potestas
1188 1635 1275 1710 juxta

183 1742 286 1791 statuta
302 1731 462 1789 dioecesana
482 1731 640 1789 exercenda
663 1740 715 1787 est.
758 1730 792 1788 In
815 1730 899 1788 Bulla
920 1749 983 1803 quae
999 1732 1101 1807 incipit
1123 1728 1274 1810 Supernc,

183 1830 319 1890 Clemens
333 1831 372 1889 X.
387 1829 555 1888 declaravit:
578 1839 691 1907 “posse
705 1829 861 1905 regularem
882 1829 1087 1889 confessarium
1101 1830 1293 1907 indioecsqip

183 1932 213 1989 iu
234 1942 290 2004 qua
311 1939 356 1989 est
375 1930 557 2006 approbatus,
581 1928 757 1988 confluentes
778 1947 816 1986 ex
839 1929 894 1986 alia
915 1929 1034 1988 dioecesi
1053 1951 1071 1988 a
1092 1931 1220 2006 peccatis
1239 1920 1310 1997 ir*

181 2031 244 2108 ipsa
263 2031 424 2098 reservatis,
438 2048 497 2087 non
516 2038 608 2087 autem
622 2029 651 2086 in
665 2028 722 2095 illa,
737 2028 784 2086 ubi
798 2027 875 2086 idem
895 2028 1089 2087 confessarius
1109 2039 1156 2087 est
1169 2049 1275 2108 appro-

182 2131 274 2197 batus,
288 2129 454 2195 absolvere;
475 2128 532 2184 nisi
545 2125 661 2185 eosdem
683 2127 852 2204 poenitentes
866 2129 976 2185 noverit
988 2129 1018 2187 in
1038 2128 1170 2187 fraudem
1183 2148 1275 2189 reser-

182 2228 303 2285 vationis
318 2226 353 2285 ad
367 2227 487 2284 alienam
500 2224 647 2284 dioecesim
658 2245 710 2302 pro
724 2226 902 2285 absolutione
916 2227 1071 2286 obtinenda
1084 2225 1274 2306 migrasse.’'¹

182 2325 222 2383 In
242 2322 401 2405 fraudem,
425 2333 529 2392 autern,
552 2324 635 2400 juxta
667 2325 699 2382 S.
736 2325 929 2401 Alphonsum,
958 2327 1000 2395 fit,
1029 2327 1176 2400 “quando
1204 2330 1274 2403 ,quis

185 2425 306 2483 alienam
319 2424 390 2499 petit
401 2423 546 2482 disecesim
557 2423 593 2480 ob
606 2423 792 2502 principalem
803 2425 888 2484 finem
896 2425 1044 2485 obtinendi
1053 2427 1273 2496 absolutionem,

182 2523 346 2596 vitandique
369 2521 510 2601 judicium
537 2525 644 2598 proprii
671 2526 802 2599 pastoris.
852 2525 947 2592 Ratio,
974 2527 1042 2597 quia
1068 2526 1145 2583 fraus
1170 2525 1274 2584 dicitur

181 2624 360 2690 intervenire,
374 2623 422 2680 ubi
435 2623 482 2680 lex
496 2622 622 2681 redditur
635 2623 766 2690 clusoria,
781 2634 812 2680 ut
824 2624 863 2681 ait
881 2624 1019 2693 Barbosa,
1032 2625 1187 2683 Axiomate
1204 2629 1271 2684 102.

181 2743 210 2782 n.
235 2728 264 2780 4.
307 2723 479 2781 Eluderetur
505 2731 597 2780 autem
619 2722 666 2780 hic
691 2723 890 2780 reservationis
915 2723 974 2790 lex,
997 2725 1023 2782 si
1044 2725 1188 2801 preniteus
1215 2727 1272 2784 alio

181 2823 315 2900 migraret
322 2841 359 2879 ex
373 2821 523 2898 principali
537 2822 644 2880 motivo
652 2822 767 2898 petendi
780 2822 995 2880 absolutionem.
1028 2823 1115 2882 Unde
1125 2824 1200 2881 bene
1210 2826 1272 2902 ipse
1286 2888 1300 2911 n

181 2922 289 2980 absolvi
316 2921 427 2998 poterit,
454 2923 479 2978 si
506 2922 674 2979 abscesserit
700 2921 736 2978 ad
759 2921 883 2992 aliquam
910 2920 1057 2980 dioecesim
1085 2923 1123 2980 ob
1145 2922 1269 2996 aliquem

181 3021 333 3079 honestum
347 3021 445 3087 finem,
460 3029 528 3096 puta
541 3021 647 3097 negotii
660 3020 773 3095 agendi,
787 3020 834 3077 vel
848 3019 1029 3098 indulgentie
1042 3020 1208 3092 lucraudae3
1229 3022 1272 3080 vel

179 3129 212 3178 ut
236 3120 412 3185 confiteatur,
440 3138 505 3177 cum
531 3121 636 3178 minori
661 3119 854 3186 incommodo,
881 3130 929 3178 aut
953 3121 1036 3178 citius
1057 3122 1270 3180 confessionem

181 3219 313 3294 expediat
325 3238 332 3285 ;
349 3219 393 3275 vel
403 3219 646 3276 utconfessarium
657 3219 842 3295 incognitum,
854 3229 902 3276 aut
911 3218 1124 3295 prudentiorem
1134 3221 1268 3287 inveniat,

181 3318 231 3389 qui
244 3316 346 3374 melius
360 3334 425 3373 eum
441 3315 552 3392 dirigat,
566 3327 595 3373 et
608 3318 802 3390 tranquillitati
815 3336 873 3374 suae
893 3319 1075 3376 conscientie
1089 3319 1230 3387 consulat,
1243 3328 1268 3376 et

180 3415 294 3472 similia.
337 3414 427 3471 Secus
445 3412 487 3493 (ut
504 3413 642 3494 diximus)
664 3418 688 3472 si
707 3418 745 3475 ibi
767 3416 913 3474 accederet
932 3437 970 3475 ex
986 3417 1141 3494 principali
1161 3418 1228 3485 fine,
1241 3427 1270 3475 ut

181 3509 296 3588 effugiat
304 3512 445 3588 judicium
460 3514 503 3570 sui
524 3515 689 3590 superioris,
704 3516 793 3573 velut
813 3515 925 3574 facilius
944 3509 1159 3575 absolvatur.”²
1199 3518 1264 3576 Non

180 3622 273 3671 autem
288 3613 316 3670 iu
328 3611 455 3670 fraudem
466 3614 663 3671 reservationis
673 3633 725 3690 pro
739 3615 915 3673 absolutione
930 3615 1084 3674 obtinenda
1097 3618 1212 3694 migrat,
1224 3615 1267 3689 qui

179 3732 216 3771 ex
236 3713 352 3771 dioecesi
367 3711 487 3770 discedit
500 3712 534 3769 ad
555 3724 702 3790 peccatum
722 3714 890 3790 patrandum
908 3714 985 3788 quod
998 3716 1028 3773 iu
1041 3734 1076 3773 ea
1097 3704 1262 3775 reudmatun

179 3821 232 3880 est,
247 3831 312 3872 narn
327 3812 356 3871 id
370 3811 437 3870 facit
450 3811 486 3869 ad
500 3813 717 3871 reservationem
732 3813 935 3889 effugiendam.

221 3917 287 3971 169.
309 3913 336 3970 Α
357 3912 484 3969 censuris
508 3913 537 3970 in
560 3912 650 3989 patria
667 3914 819 3969 reservatis
840 3915 939 3986 nequit
959 3915 1127 3990 peregrinus
1150 3911 1260 3976 absolvi,

181 4020 200 4046 “
212 4013 278 4084 quia
290 4022 346 4069 tota
359 4010 478 4070 facultas
492 4012 631 4089 simplicis
651 4011 818 4070 confessarii
832 4011 999 4071 absolvendi
1014 4033 1030 4070 a
1043 4015 1174 4073 censuris
1187 4012 1260 4071 habe·
1299 4030 1309 4053 ι

183 4119 227 4166 tur
246 4129 283 4168 ex
298 4129 323 4167 c.
345 4111 448 4187 Nuper
462 4109 497 4168 de
511 4118 586 4170 sent.
601 4129 746 4170 excomm.
759 4110 793 4169 in
807 4115 835 4170 6.
852 4112 890 4169 ibi
911 4124 1004 4170 autem
1025 4112 1129 4172 dicitur
1148 4111 1260 4189 simplex

299 4330 341 4394 (ι)
360 4329 475 4379 ‘nutem
489 4325 642 4384 Junu‘rero.
911 4337 953 4404 (a)
972 4334 1153 4407 pennense.
1205 4400 1208 4405 Ι
