2640 4860
183 385 241 442 tro
436 374 494 435 ΒΕ
514 373 681 435 stutnno
702 372 1022 435 OONFESSIONIS.

181 542 350 605 absolvendi
361 542 409 601 vel
421 541 607 619 dispensandi
619 541 827 620 impetrandam
836 543 921 601 venia
929 540 1139 616 illaaliquaudo
1149 542 1260 614 exquiri-

181 656 237 712 tur,
246 642 424 718 utsuperiori
432 660 478 698 res
487 641 904 717 exponaturrsedvixunquam
912 649 1063 717 oportetut
1071 639 1263 715 quaeratur,vel

181 734 676 819 acceptetur,adconferendumcurn
686 738 1263 816 aliodepoenitentisconditione,quiapud

179 850 332 913 utrumque
345 859 398 898 sua
410 838 574 916 deposuerit
587 850 712 915 peccata,
727 858 814 911 quum
828 840 1028 913 unusquisque
1041 838 1144 897 debeat
1155 840 1264 896 seorsim

177 940 317 1019 judicare,
331 950 361 997 et
372 939 528 997 necessitas
542 956 600 995 uon
614 939 652 995 sit
664 939 733 995 satis
747 940 842 1014 gravis
856 939 949 1015 alege
970 940 1067 997 arcani
1088 936 1264 997 discedendi.

181 1040 266 1099 Adeo
274 1037 524 1096 sacrosanctahaec
532 1036 722 1103 habendaest,
730 1038 898 1096 utnonnissi
906 1037 1062 1105 rarissime,
1071 1047 1102 1095 et
1109 1037 1268 1114 gravissima

181 1139 217 1197 de
230 1157 325 1205 causa,
339 1136 454 1195 licentia
465 1136 562 1193 utendi
576 1135 675 1193 notitia
694 1135 878 1194 confessione
891 1136 1030 1207 acquisita
1042 1134 1217 1213 acceptanda
1226 1136 1264 1192 sit.

181 1239 215 1297 Si
236 1239 377 1315 poeniteus
397 1237 489 1311 palam
511 1234 594 1292 faciat
613 1234 790 1292 confessario
810 1244 980 1311 potestatem
1001 1232 1164 1293 declarandi
1179 1243 1263 1292 utrum

182 1336 257 1414 apud
283 1355 314 1393 se
339 1334 504 1410 deposuerit
528 1333 644 1406 aliquod
670 1344 828 1412 peccatum,
850 1352 886 1390 v:
907 1352 945 1410 g:
973 1334 998 1390 si
1025 1334 1128 1392 mulier
1154 1333 1270 1408 appellet

182 1435 398 1500 confessarium,
418 1443 511 1490 utrum
532 1450 564 1490 se
590 1433 765 1491 incusaverit
790 1432 937 1499 adulterii;
963 1451 1022 1491 uon
1042 1433 1130 1491 debet
1149 1450 1268 1504 unquam

181 1532 347 1612 hujusmodi
372 1531 486 1590 licentia
504 1532 555 1598 uti,
578 1530 848 1606 quomodocumque
869 1549 966 1590 resse
988 1531 1102 1600 habeat,
1123 1550 1190 1589 nam
1210 1550 1268 1588 cum

181 1652 287 1711 magno
308 1631 434 1708 periculo
453 1630 544 1698 fieret,
565 1630 641 1689 haud
660 1631 721 1688 sine
742 1632 837 1690 arcani
858 1631 971 1708 injuria.
1018 1631 1093 1689 Post
1113 1630 1269 1707 poenitentis

182 1741 301 1790 mortem
316 1739 411 1788 manet
424 1731 518 1787 arcani
531 1731 666 1808 ligamen,
680 1748 747 1788 nam
762 1749 847 1789 uerno
861 1731 999 1806 patienter
1012 1730 1099 1788 ferret
1111 1750 1145 1788 ea
1158 1729 1272 1787 revelari

181 1848 245 1903 quaa
265 1830 410 1888 memorie
431 1831 494 1907 ejus
515 1829 709 1888 detraherent:
737 1830 789 1887 sed
809 1847 846 1887 ue
872 1829 987 1902 quidem
1014 1848 1077 1902 qum
1100 1829 1135 1887 ad
1161 1828 1272 1886 laudem

183 1930 325 2006 pertinent
337 1928 461 1986 defuncti
471 1928 627 2006 detegenda
636 1939 702 1986 suut
712 1937 826 1997 temere,
842 1929 998 2006 presertim
1012 1929 1037 1986 si
1051 1929 1172 1986 venialis
1187 1929 1272 2003 culpe

183 2029 377 2105 suspicionem
392 2029 528 2104 ingerant.

220 2131 271 2185 95.
306 2127 445 2192 Quamvis
472 2127 588 2183 vetitum
611 2126 650 2182 sit
668 2127 819 2198 exquirere
841 2127 1023 2202 complicem,
1046 2126 1121 2184 nihil
1143 2126 1275 2202 prohibet

181 2243 218 2283 ex
244 2224 405 2299 penitentis
427 2223 550 2290 licentia,
576 2225 623 2282 vel
642 2233 752 2301 rogatu,
773 2244 840 2284 eum
866 2244 992 2293 mouere,
1024 2223 1075 2283 sed
1104 2226 1274 2302 plerumque

181 2323 216 2381 ab
236 2320 401 2397 hujusmodi
422 2322 578 2379 monitione
601 2322 798 2381 abstinendum
821 2334 873 2391 cst,
894 2344 930 2382 ne
953 2325 1081 2400 suspicio
1106 2326 1144 2382 sit
1170 2324 1274 2382 revela·

181 2420 276 2487 tionis,
297 2419 342 2476 vel
362 2420 470 2478 invidia
489 2438 570 2478 sacro
590 2422 747 2479 ministerio
768 2432 956 2499 comparetur.
999 2423 1049 2480 Sic
1063 2423 1148 2480 etiarn
1164 2443 1273 2482 morem

180 2538 278 2597 gerere
299 2528 391 2595 potest
404 2519 537 2579 sacerdos
557 2521 669 2579 mulieri
691 2521 725 2579 dc
749 2524 845 2598 pravis
867 2523 960 2580 mariti
983 2523 1110 2580 moribus
1133 2524 1274 2594 querenti,

181 2629 210 2679 et
223 2638 339 2697 operam
350 2621 414 2697 ejus
428 2620 593 2696 postulanti,
609 2630 639 2678 ut
658 2622 683 2678 si
705 2640 762 2693 qua
784 2622 892 2679 ratione
914 2623 1015 2697 possit,
1029 2640 1096 2678 eum
1121 2621 1156 2680 ad
1170 2625 1276 2681 bonam

181 2719 311 2797 redigere
324 2721 435 2796 frugem
450 2730 547 2779 curet:
570 2719 621 2778 sed
635 2721 684 2779 vix
698 2729 810 2796 oportet
823 2738 860 2778 ex
873 2721 1006 2795 precibus
1020 2721 1050 2777 iu
1064 2721 1196 2785 tribunali
1211 2740 1276 2798 por·

182 2820 265 2878 rectis
280 2818 479 2891 delinquentes
492 2819 579 2877 adire.

220 2922 270 2977 96.
293 2919 350 2976 Ubi
374 2919 465 2996 agitur
485 2917 520 2976 de
541 2918 636 2995 sigillo
655 2917 804 2986 servando,
825 2918 964 2994 probabili
983 2920 1132 2977 sententiae
1146 2919 1182 2977 de
1196 2921 1274 2978 licito

180 3036 234 3076 usu
256 3018 362 3076 notitiae
382 3036 420 3076 ex
446 3017 626 3076 confessione
647 3017 759 3082 habite,
780 3036 961 3090 nequaquam
985 3017 1188 3077 adhaereudum
1211 3029 1273 3086 est;

181 3135 268 3188 quum
282 3117 359 3172 enim
372 3118 513 3192 poenitens
529 3118 580 3194 jus
601 3126 710 3175 certum
729 3116 829 3174 lrabeat
849 3135 886 3174 ue
905 3134 1003 3174 eorum
1023 3135 1087 3189 quae
1108 3118 1272 3176 coufitendo

179 3216 273 3281 refert,
284 3213 359 3271 ullus
373 3215 422 3271 fiat
434 3234 502 3273 usus
513 3233 579 3271 curu
589 3216 633 3273 sui
644 3217 817 3290 gravamine,
829 3217 878 3288 qui
889 3224 1012 3273 uteretur
1022 3218 1164 3292 probabili
1178 3218 1275 3295 hujus·

181 3312 259 3369 modi
272 3312 421 3378 sententia,
436 3323 592 3389 exponeret
603 3331 635 3369 se
654 3315 782 3389 periculo
796 3316 905 3392 iujuriae
920 3315 1074 3373 infereudae
1084 3317 1113 3373 in
1124 3306 1271 3395 re'gravis·

180 3409 271 3466 sima:
293 3408 415 3481 ideoque
429 3412 572 3469 moraliter
585 3421 677 3470 certus
700 3431 765 3470 esse
785 3413 868 3472 debet
887 3414 995 3472 nullurn
1011 3416 1161 3489 poeuitenti
1175 3436 1271 3494 grava

181 3525 247 3567 meu
261 3526 297 3565 ex
310 3526 363 3564 usu
376 3510 481 3568 notitiae
494 3510 642 3579 oriturum,
658 3521 689 3569 ut
702 3513 784 3570 liceat
796 3531 830 3570 ea
843 3512 1020 3585 aliquatenus
1035 3509 1101 3570 uti.¹

218 3611 268 3668 97.
284 3607 430 3666 Poeniteus
440 3609 558 3667 naturali
573 3610 696 3684 quodam
706 3612 840 3687 ligamine
855 3621 966 3671 tenetur
978 3612 1069 3669 celare
1083 3632 1148 3685 quoe
1163 3615 1271 3672 confes·

180 3709 271 3766 sarius
285 3709 311 3766 ei
325 3708 355 3766 iu
375 3708 507 3768 tribunali
527 3710 641 3778 dixerit,
664 3711 778 3768 consilii
799 3730 894 3778 causa,
915 3721 943 3769 et
967 3711 997 3768 iu
1018 3713 1121 3773 auimae
1139 3714 1270 3779 salutem,

180 3811 339 3885 pracsertim
355 3828 417 3882 quae
431 3809 659 3876 incommodam,
670 3811 713 3867 vel
727 3808 823 3867 odium
838 3820 1014 3869 sacramento
1026 3811 1129 3870 afferre
1138 3822 1269 3889 possent:

129 3938 132 3944 ·
180 3926 246 3967 uam
268 3929 356 3982 quum
376 3928 479 3967 munus
501 3909 570 3970 illud
590 3911 619 3968 iu
639 3909 802 3985 poeuitentis
823 3909 971 3968 utilitatem
994 3921 1169 3980 exerceatur,
1191 3913 1271 3989 juxta

181 4004 274 4082 legem
286 4008 423 4076 divinam,
434 4018 545 4086 oportet
557 4018 588 4068 ut
600 4009 687 4067 libore
701 4016 730 4065 et
743 4008 848 4081 absque
862 4009 1037 4069 incommodi
1051 4023 1129 4070 ructu
1144 4012 1270 4069 exerceri

182 4104 282 4168 valeat,
326 4107 441 4167 “'Uude
463 4127 528 4165 cum
552 4108 741 4166 confessarius
764 4108 905 4185 obligatur
924 4108 1085 4168 necessariis
1099 4110 1133 4169 ad
1148 4110 1269 4169 dandum

551 4329 592 4391 p)
612 4326 636 4375 s.
653 4327 726 4396 squ.
738 4329 754 4379 1.
767 4329 798 4377 vr.
809 4345 835 4379 n.
847 4332 904 4379 esa.
