2640 4860
443 359 500 421 DE
522 355 778 421 ABLUTIONE.

508 880 650 942 CAPUT
671 881 711 942 11.

488 1097 527 1141 DE
547 1097 729 1140 ABLUTIONE·

106 1261 132 1314 3.
153 1257 335 1335 Baptismum
355 1257 417 1314 fieri
437 1275 523 1333 posse
543 1259 719 1334 aspersione,
734 1257 887 1325 infusione,
908 1268 937 1316 et
957 1259 1152 1326 immersione,

73 1354 132 1414 alias
150 1357 351 1435 probavimus;
373 1355 526 1416 ablutionis
546 1358 625 1416 enim
644 1359 733 1417 instar
745 1366 789 1415 est
808 1376 865 1429 qua
883 1358 973 1417 animi
990 1356 1153 1426 mundities,

72 1472 126 1528 que
140 1454 295 1523 confertur,
310 1455 496 1532 significatur.
538 1456 674 1516 “Perse
694 1455 822 1525 autem,”
844 1457 936 1531 inquit
955 1458 988 1515 S.
1011 1457 1152 1525 Thomas,

72 1555 249 1628 “requiritur
262 1553 296 1612 ad
310 1554 484 1630 baptismum
506 1555 661 1634 corporabs
682 1556 787 1614 ablutio
807 1574 858 1632 per
872 1574 985 1629 aquam.
1028 1554 1114 1615 Unde
1127 1564 1155 1613 et

70 1653 223 1730 baptismus
244 1654 388 1714 lavacrum
409 1655 586 1712 nominatur:
607 1653 765 1714 seeundum
786 1654 856 1713 illud
875 1656 987 1732 Ephes.
1008 1655 1047 1712 V.
1068 1655 1155 1714 Mun·

70 1751 133 1810 dans
158 1770 222 1810 eam
245 1751 360 1811 lavaero
382 1771 461 1826 aquae
481 1753 512 1811 in
532 1753 618 1811 verbo
640 1753 715 1810 vitae.
757 1752 816 1811 Sed
829 1753 967 1826 quodfiat
979 1754 1086 1813 ablutio
1098 1754 1155 1812 hoo

70 1851 110 1910 rel
122 1851 172 1930 illo
185 1849 283 1919 modo,
298 1849 400 1911 accidit
412 1853 563 1927 baptismo.
604 1851 646 1909 Et
667 1850 732 1909 ideo
753 1850 816 1910 talis
836 1850 984 1910 diversitas
1005 1871 1065 1911 non
1083 1851 1156 1910 tollit

69 1952 200 2008 unitatem
214 1946 397 2026 baptismi.”¹
439 1950 513 2009 Sunt
525 1951 575 2023 qui
594 1949 694 2009 dieunt
714 1950 862 2009 minimam
876 1969 955 2022 aquae
969 1959 1077 2028 guttam
1090 1968 1152 2009 eor·

69 2068 117 2126 pus
131 2059 298 2128 tangentem
310 2050 450 2108 internam
464 2050 638 2108 ablutionem
658 2050 726 2108 satis
746 2049 893 2117 exhibere,
908 2059 936 2107 et
949 2049 1082 2108 efficere:
1104 2048 1155 2106 sed

69 2149 195 2225 plerique
208 2149 337 2228 exigunt,
350 2157 382 2206 ut
394 2167 467 2222 aqua
479 2149 558 2206 fluat.
601 2149 699 2208 Nemo
719 2158 817 2207 censet
837 2158 925 2208 totum
939 2168 1044 2227 eorpus
1058 2166 1156 2206 neees-

69 2247 138 2308 sarib
154 2247 327 2307 abluendum
342 2265 424 2316 esse;
445 2266 502 2306 non
523 2247 600 2306 enim
620 2248 748 2306 divinum
769 2248 893 2306 animam
915 2247 1071 2307 mundandi
1083 2266 1156 2325 opus

71 2366 104 2406 ex
117 2329 241 2424 corpore
252 2347 365 2423 penitus
386 2347 481 2405 abluto
500 2345 625 2423 pendere
645 2347 821 2406 censendum
841 2356 895 2415 est,
918 2350 1048 2422 quamvis
1063 2346 1158 2419 aliqua

69 2447 195 2524 eorporis
222 2445 328 2504 ablutio
353 2446 492 2523 exigatur,
507 2445 687 2522 significandi
708 2446 824 2504 interius
844 2465 917 2524 opus
943 2466 1039 2506 causa.
1082 2446 1158 2504 “Ea

70 2565 148 2619 aquae
163 2546 250 2621 eopia
263 2543 431 2614 adhibenda,
453 2555 485 2602 ut
497 2545 547 2618 qui
560 2545 728 2621 baptizatur,
749 2546 849 2603 merito
862 2553 891 2603 et
902 2543 1061 2604 secundum
1080 2561 1157 2601 eom·

70 2664 184 2704 munem
198 2644 349 2703 homiuum
363 2644 579 2703 aestimationem
599 2653 750 2703 censeatur
768 2637 927 2701 ablutus.'’²
966 2644 1010 2702 lta
1022 2642 1156 2701 Antoine.

71 2743 178 2802 Omnes
193 2761 260 2801 oum
273 2741 312 2800 D.
327 2743 443 2801 Thoma
462 2742 559 2802 dieunt
571 2744 640 2801 satis
655 2761 719 2801 esse
735 2751 754 2778 ‘⁴
764 2751 850 2819 eaput
863 2740 1042 2820 perfundere,
1057 2741 1158 2813 inquo

70 2843 263 2902 manifestatur
282 2843 456 2918 principium
477 2842 606 2901 animalis
626 2836 746 2901 vitae’'³:
768 2842 827 2899 imo
840 2841 968 2917 plerique
982 2842 1116 2908 sentiunt,
1132 2841 1158 2900 si

71 2942 189 3014 quodvis
202 2942 364 3000 membrum
385 2941 561 3018 praecipuum
581 2960 617 2998 v:
632 2961 668 3018 g:
690 2948 800 3017 peetus,
824 2939 963 3007 abluatur,
983 2939 1158 3017 baptismum

69 3042 184 3116 perfici:
208 3040 304 3111 “quia
318 3042 456 3099 tamenin
468 3041 546 3099 nulla
559 3041 732 3098 exteriorum
746 3037 866 3116 partium
882 3040 1029 3116 integritas
1042 3037 1106 3095 vitae
1120 3038 1159 3095 ita

70 3140 201 3198 consistit
214 3139 289 3196 sieut
310 3140 460 3216 incapite,
481 3138 592 3197 videtur
611 3136 781 3214 quibusdam
801 3137 878 3210 quod
899 3149 1015 3216 propter
1028 3137 1157 3205 dubium,

70 3257 248 3311 quacumque
262 3237 317 3296 alia
326 3247 404 3314 parte
414 3239 541 3315 eorporis
552 3237 655 3304 abluta,
663 3256 734 3314 puer
744 3247 809 3314 post
817 3237 971 3315 perfectam
985 3238 1157 3299 nativitatem

72 3340 104 3395 sit
115 3336 309 3415 baptizandus
330 3338 383 3395 sub
402 3336 457 3395 hae
479 3337 586 3397 forma:
609 3337 732 3395 ‘Sinon
746 3354 777 3394 es
791 3338 960 3414 baptizatus,
982 3355 1036 3415 ego
1050 3345 1076 3394 te
1089 3337 1158 3414 bap·

71 3430 195 3495 tizo.”’⁴
243 3436 361 3495 Ablutio
387 3437 508 3495 erinium
534 3435 619 3494 dubia
644 3453 758 3509 quoque
783 3437 912 3513 pluribus
938 3437 1074 3505 habetur3
1108 3435 1160 3494 sed

71 3536 270 3595 verosimiliter
282 3536 366 3603 valet,
381 3553 469 3609 quum
482 3534 607 3595 naturale
628 3535 686 3593 sint
704 3535 804 3612 eapitis
825 3546 1037 3614 tegumentum:
1059 3553 1159 3595 ouran«

73 3636 138 3695 dum
154 3647 250 3694 tamen
263 3636 381 3694 omnino
398 3643 485 3693 estut
497 3636 569 3693 eutis
582 3634 645 3711 ipsa
658 3634 802 3695 abluaturz
824 3637 850 3693 si
863 3635 990 3697 abluatur
1002 3633 1160 3692 secundina

74 3753 175 3812 corpus
190 3743 355 3813 contegens,
370 3734 516 3811 probabile
536 3742 579 3792 est
591 3733 765 3810 baptismum
778 3733 884 3801 valere,
905 3752 993 3806 quum
1006 3742 1035 3790 et
1047 3732 1108 3789 haeo
1121 3731 1160 3787 sit

74 3834 197 3893 naturale
211 3834 296 3893 foetus
309 3841 522 3910 tegumentum:
545 3832 597 3894 sed
609 3841 730 3906 utroque
744 3851 809 3892 casu
825 3851 871 3890 res
885 3830 970 3894 dubia
983 3840 1036 3897 est,
1051 3837 1080 3886 et
1091 3828 1161 3904 bap

75 3933 205 3992 tizandus
219 3942 263 3991 est
275 3935 376 3993 iterum
391 3932 485 3991 infans
498 3934 552 3992 sub
571 3930 745 3992 conditione.

108 4155 149 4218 (l)
169 4152 203 4202 iii.
214 4167 239 4216 p.
251 4167 291 4214 qu.
300 4151 359 4200 lxvi.
370 4156 413 4200 ort
424 4150 465 4201 vii.
477 4151 507 4200 ed
521 4154 543 4199 l.
647 4152 690 4216 (2)
713 4147 794 4198 fbaet.
806 4144 835 4196 de
850 4146 927 4212 Bupt.
938 4161 982 4212 qu,
992 4146 1016 4198 ii.
1028 4146 1102 4216 Κεφ.
1114 4150 1139 4206 3ἰ

108 4241 150 4304 (3)
170 4239 204 4287 iii.
215 4254 239 4302 p.
254 4253 294 4301 qu.
307 4237 364 4287 lxvi.
377 4244 420 4286 art.
431 4237 472 4287 vii.
483 4236 520 4287 od
528 4236 640 4289 tertium.

110 4325 151 4387 (4)
171 4321 271 4380 ibidem,
283 4336 324 4383 qu.
336 4320 411 4372 lxviii.
422 4327 466 4370 art
477 4320 510 4371 xi.
522 4319 557 4371 ad
564 4324 693 4386 quartum.

597 4403 616 4456 4
627 4403 643 4435 s
