2640 4860
176 403 235 459 232
434 391 491 451 DE
513 390 698 450 MUNERE
720 389 1011 453 GONFESSARII.

177 563 297 624 charitas
311 558 417 635 obligat
438 557 473 615 ad
494 557 696 635 corrigendum
718 576 843 617 errorem
863 561 951 618 ctiam
970 558 1158 636 inculpatum,
1180 562 1267 633 quiin

177 662 292 720 alterius
307 657 443 716 damnum
457 658 564 734 vergit:
588 656 672 730 idque
687 660 845 734 praescrtim
865 660 891 717 si
903 659 1045 735 paenitens
1059 659 1119 716 vita
1131 660 1268 737 periclite-

177 774 232 828 tur,
247 770 275 817 et
288 777 346 817 non
360 758 398 814 sit
417 756 539 833 amplius
553 757 753 815 consessurus:
775 775 833 830 quo
852 776 919 816 casu
943 757 1085 815 tenebitur
1106 760 1194 817 etiam
1207 778 1267 818 cum

177 860 255 938 gravi
269 859 314 915 sui
327 855 520 915 incommodo.
562 857 653 914 Extra
672 855 741 914 illud
755 856 912 932 periculum
933 857 983 914 vix
1003 865 1116 915 tenetur
1128 859 1269 917 confessa·

177 960 247 1023 rius,
262 958 310 1030 qui
323 955 465 1032 parochus
487 974 545 1013 non
565 956 611 1022 sit,
633 955 668 1013 ad
690 954 900 1013 emendandum
920 974 1058 1023 errorem,
1080 976 1148 1015 cum
1169 976 1269 1035 magno

177 1057 296 1117 honoris
310 1066 339 1113 et
351 1055 433 1113 lamae
447 1054 615 1131 dispendio:
638 1056 705 1127 quia
724 1054 845 1112 charitas
865 1073 924 1112 non
937 1056 1045 1132 obligat
1057 1075 1123 1114 cum
1137 1065 1217 1115 tanto
1229 1057 1269 1114 sui

177 1157 355 1234 gravamine:
378 1154 518 1230 parochus
545 1164 638 1211 autem
665 1156 693 1211 vi
718 1155 763 1211 sui
790 1155 916 1212 muneris
942 1163 1052 1213 tenetur
1078 1155 1114 1213 ad
1141 1156 1270 1214 utilitates

178 1256 340 1333 spirituales
354 1272 471 1311 suorum
486 1252 705 1330 promovendas,
726 1252 847 1327 ideoque
861 1253 944 1311 debet
957 1271 1082 1313 errorem
1098 1254 1271 1332 inculpatum

178 1357 227 1428 qui
239 1356 267 1412 in
282 1371 379 1411 eorum
394 1361 491 1429 vergat
503 1351 649 1419 damnum,
672 1353 813 1429 corrigere
834 1353 918 1411 etiam
938 1373 1003 1412 curn
1024 1354 1070 1411 sui
1089 1353 1271 1414 incommodo

178 1453 306 1513 notabili.
349 1451 439 1509 Error
461 1470 499 1508 ex
521 1450 605 1527 culpa
627 1465 705 1509 ortus
728 1451 913 1528 corrigendus
933 1462 986 1520 est,
1008 1453 1094 1510 etiam
1114 1473 1183 1512 cunr
1197 1455 1272 1531 gravi

178 1552 352 1612 confessario
367 1550 566 1609 incommodo:
590 1551 685 1623 “quia
704 1551 771 1609 licet
790 1551 981 1609 confessarius
994 1569 1033 1609 ex
1046 1551 1186 1612 charitate
1200 1572 1270 1612 onus

179 1653 339 1728 susceperit
364 1648 498 1708 audiendi
524 1649 734 1708 consessionem
768 1651 943 1726 paenitentis,
978 1660 1084 1720 tamen,
1118 1662 1272 1729 postquam

179 1750 296 1817 audivit,
318 1759 428 1808 tenetur
453 1767 490 1806 ex
511 1748 617 1816 officio,
643 1761 671 1805 et
690 1767 727 1806 ex
754 1751 835 1821 quasi
861 1759 1004 1808 contractu
1033 1769 1100 1808 cum
1120 1753 1273 1828 paenitente

179 1850 265 1909 initio
290 1851 342 1907 rite
368 1849 425 1926 ipsi
445 1849 606 1907 ministrare
627 1857 854 1916 sacramentum
875 1849 962 1916 unde,
983 1850 1008 1906 si
1028 1850 1156 1909 invalide
1177 1852 1274 1910 minis·

180 1950 293 2008 traverit
315 1966 352 2006 ex
374 1967 427 2005 sua
447 1949 541 2024 culpa,
563 1957 671 2005 tenetur
694 1950 791 2021 utique
811 1949 893 2006 etiam
916 1967 981 2006 curn
1001 1949 1082 2025 gravi
1102 1968 1158 2008 suo
1171 1950 1273 2010 damno

181 2048 281 2129 (petita
296 2044 422 2125 licentia)
437 2046 516 2105 illum
531 2047 566 2104 de
579 2065 672 2103 errore
686 2042 850 2105 mouere.'’¹

219 2149 290 2205 229.
311 2146 430 2218 Absque
450 2144 564 2203 licentia
586 2146 749 2222 poenitentis
769 2165 848 2204 error
868 2145 1013 2204 emendari
1032 2148 1145 2221 nequit,
1167 2168 1230 2222 quae
1247 2159 1275 2206 et

180 2243 304 2320 peteuda
316 2254 360 2301 est
372 2244 466 2300 verbis
480 2262 544 2315 quae
558 2243 664 2302 nullam
675 2245 875 2303 revelationem
889 2245 983 2303 delicti
1001 2246 1173 2323 important:
1188 2268 1223 2306 v:
1238 2266 1273 2324 g:

181 2342 287 2408 Quaeso
301 2351 332 2400 ut
344 2341 416 2399 milri
430 2341 513 2399 liceat
526 2342 634 2414 aliquid
648 2342 724 2415 quod
738 2345 767 2403 in
780 2344 962 2402 consessione
976 2344 1049 2414 dixi,
1061 2356 1110 2404 tua
1122 2347 1200 2406 bona
1212 2365 1275 2405 cum

180 2442 275 2508 venia,
289 2442 442 2518 corrigere.
484 2441 569 2507 Quod
583 2443 608 2499 si
621 2443 684 2518 ipsa
697 2444 795 2519 petitio
808 2445 929 2502 molesta
949 2444 1098 2520 poenitenti
1118 2445 1213 2505 futura
1226 2447 1272 2515 sit,

180 2543 215 2601 ab
229 2560 261 2598 ea
275 2541 414 2598 abstinere
428 2551 549 2617 oportet,
564 2560 600 2599 ue
614 2542 654 2598 uti
668 2542 795 2600 videatur
814 2543 1004 2602 confessarius
1024 2546 1127 2602 notitia
1146 2546 1177 2604 in
1192 2547 1275 2604 tribu·

180 2641 238 2699 nali
256 2641 482 2713 acquisitarum
504 2641 620 2714 aliquali
640 2642 805 2717 poenitentis
828 2644 1009 2718 gravamine:
1031 2643 1110 2717 quod
1129 2663 1276 2717 nunquam

180 2741 256 2799 licet.
299 2741 331 2797 Si
352 2741 494 2816 poeuitens
515 2739 652 2817 deinceps
673 2741 752 2798 alteri
767 2741 917 2799 confessus
937 2742 1031 2810 fuerit,
1046 2743 1092 2801 vel
1106 2744 1142 2801 ad
1164 2743 1277 2802 Eucha-

179 2841 290 2897 ristiam
307 2841 472 2907 accesserit,
488 2839 618 2917 judicare
637 2848 731 2914 potest
750 2841 943 2898 confessarius
964 2859 1029 2899 eum
1051 2842 1167 2899 veniam
1188 2843 1276 2919 gratia

180 2940 347 2996 sacramenti
362 2948 534 3007 assecutum,
549 2939 671 3011 ideoque
686 2939 781 2996 minus
795 2940 925 2997 solicitus
939 2957 1015 3008 esse,
1030 2941 1128 2999 sinon
1147 2949 1277 3000 occurrat

181 3049 342 3114 opportuna
357 3037 516 3114 corrigendi
530 3039 633 3096 erroris
648 3038 771 3095 occasio.

219 3140 289 3194 230.
311 3137 344 3194 Si
358 3155 436 3194 error
455 3137 588 3212 respiciat
608 3136 795 3213 integritatem
810 3138 1010 3205 consessionis,
1025 3148 1053 3196 et
1067 3140 1177 3212 absque
1191 3139 1274 3216 culpa

180 3235 340 3311 contigerit,
354 3235 432 3292 nulla
445 3237 621 3293 confessario
634 3245 678 3293 est
687 3235 823 3314 obligatio
837 3238 900 3313 ejus
914 3237 1085 3313 corrigendi,
1100 3241 1158 3298 nisi
1173 3258 1274 3315 oppor-

180 3340 247 3388 tuna
273 3350 337 3388 sese
364 3331 464 3390 offerat
489 3336 602 3392 occasio
623 3337 652 3392 in
676 3336 740 3410 ipso
761 3336 905 3394 tribunali.
948 3337 981 3394 Si
1001 3338 1087 3414 culpa
1106 3338 1273 3397 confessarii

180 3431 339 3506 contigerit,
355 3432 403 3503 qui
417 3432 545 3507 neglexit
555 3433 697 3506 inquirere
709 3435 738 3491 in
752 3437 864 3510 species
878 3445 905 3492 et
917 3454 1065 3493 numerum
1079 3447 1270 3513 peccatorum,

180 3537 290 3586 tenetur
302 3529 375 3587 intra
387 3530 598 3590 consessionem
618 3534 803 3608 poenitentem
819 3553 945 3603 monere,
960 3535 1007 3592 vel
1019 3534 1157 3594 inducere
1171 3546 1202 3595 ut
1214 3537 1271 3613 ple·

178 3629 243 3687 nius
270 3630 455 3687 confiteatur:
490 3650 555 3688 nam
583 3633 733 3708 integritati
759 3635 927 3693 sacramenti
954 3635 1105 3693 consulere
1132 3635 1226 3703 debet,
1246 3644 1271 3693 et

179 3745 302 3786 errorem
317 3748 353 3786 ex
374 3730 548 3807 negligentia
566 3749 617 3788 sua
637 3742 730 3789 ortum
752 3734 869 3792 tollere:
891 3734 950 3790 imo
971 3735 996 3792 si
1016 3736 1096 3812 gravi
1117 3754 1172 3793 sua
1191 3735 1269 3812 culpa

178 3827 342 3904 impedierit
353 3847 389 3887 ne
402 3848 437 3886 ea
450 3829 620 3898 dicerentur,
635 3840 753 3899 tenetur,
768 3833 852 3891 etiarn
863 3841 943 3892 extra
951 3834 1178 3903 consessionem,
1189 3834 1269 3910 petita

178 3925 303 3995 licentia,
318 3947 383 3986 eum
398 3928 507 3997 tollere,
521 3930 572 3987 sed
586 3931 649 3987 sine
660 3929 804 3998 scandalo,
817 3933 860 3990 vel
871 3934 951 4009 gravi
961 3952 1014 3992 suo
1024 3934 1151 3993 damno:
1175 3942 1195 3969 ‘⁶
1204 3949 1265 3991 nam

178 4025 253 4083 sicut
265 4046 350 4103 grave
363 4026 500 4086 damnum
513 4038 632 4086 excusat
646 4030 830 4106 paenitentem
844 4032 879 4089 ab
892 4032 1050 4109 integritate
1064 4031 1262 4097 consessionis,

179 4123 217 4178 ita
230 4125 314 4181 etiam
328 4119 584 4186 confessarium.’'²
624 4129 709 4193 Quod
724 4130 749 4187 si
762 4131 838 4188 bona
851 4130 907 4188 tide
920 4133 1020 4208 egerit,
1035 4132 1104 4191 licet
1116 4131 1195 4192 haud
1207 4132 1261 4190 siue

179 4220 271 4296 culpa,
286 4241 345 4280 uon
358 4226 500 4284 tenebitur
512 4245 575 4286 curu
592 4229 682 4286 multo
693 4230 739 4288 sui
753 4228 946 4288 incommodo.

283 4394 325 4459 (1)
345 4395 372 4446 S·
383 4396 457 4461 arpa.
469 4398 484 4448 l·
496 4399 528 4448 vi·
539 4402 633 4449 n·619·
902 4405 944 4472 (a)
963 4403 1170 4464 utramncao.
1205 4380 1209 4384 ’
