2640 4860
850 184 853 191 .
910 62 998 191 'zu'

109 396 169 451 240
367 386 425 447 DE
446 386 632 448 MUNERE
653 383 945 445 CONFESSARII.

111 557 254 616 Oaetemm
274 574 362 628 quum
384 554 516 635 episcopi
540 562 679 615 nostrates
705 570 765 613 non
783 554 988 613 consueverint
1013 566 1081 611 cum
1099 553 1185 630 judicii

110 656 232 717 sorensis
242 666 377 732 apparatu
386 640 551 735 procedere,
563 654 674 713 videtur
681 652 749 713 finis
757 650 831 729 legis
840 652 983 730 precipue
994 652 1189 728 respiciendus,

111 757 161 829 qui
175 764 218 812 est
229 766 262 813 ut
283 754 453 814 sacramenti
472 755 605 813 sanctitas
627 760 765 821 servetur.
782 760 813 811 ct
831 753 1009 812 vindicetur:
1033 760 1191 828 quapropter

110 856 135 914 si
149 854 228 911 nefas
241 855 297 913 hoc
311 853 419 912 admitti
439 854 590 930 contigerit
608 850 700 932 (quod
711 848 816 933 obsiti)
835 870 902 911 rene
921 853 975 911 erit
993 852 1144 927 episcopo,
1157 848 1193 906 uel

110 956 173 1031 ejus
187 954 301 1021 vicario,
316 974 332 1010 a
346 953 464 1012 muliere
478 954 540 1029 ipsa
553 951 779 1010 denuntiandus:
801 950 847 1011 vel
858 952 886 1010 si
898 968 959 1029 prae
979 949 1155 1008 verecundia
1169 947 1193 1007 id

111 1054 204 1112 facere
217 1062 337 1121 rccuset,
352 1053 398 1110 vel
408 1053 516 1111 itineris
530 1051 661 1110 distantia
674 1048 855 1127 impediatur,
868 1050 1064 1111 confessarius
1079 1050 1126 1107 cui
1138 1046 1195 1106 soli·

112 1154 276 1211 citationem
296 1152 404 1229 pandit,
418 1152 462 1210 vel
476 1153 571 1228 potius
591 1150 662 1209 alius
683 1146 829 1223 sacerdos,
848 1168 884 1209 ea
903 1158 1033 1229 rogante,
1047 1144 1197 1227 poteritde

112 1253 220 1311 scelere
234 1261 340 1309 tentato
359 1252 527 1328 episcopum
548 1250 641 1308 facere
663 1250 823 1308 certiorem.
864 1250 899 1309 ei
919 1251 984 1327 ipsa
995 1248 1079 1309 nolit
1099 1264 1197 1307 nomen

112 1370 195 1410 sunm
210 1353 346 1428 episcopo
368 1350 559 1417 manifestare,
580 1349 626 1407 vel
647 1349 891 1409 denuntiationem
904 1349 1021 1407 firmare
1029 1348 1197 1427 Juramento,

112 1451 158 1508 vel
180 1451 235 1509 alia
259 1469 321 1523 quae
342 1452 372 1508 in
397 1450 520 1508 solemni
540 1448 753 1507 denuntiatione
774 1446 936 1507 necessarid
962 1447 1108 1506 seruanda
1127 1456 1194 1512 suut,

113 1568 234 1617 servare,
253 1568 311 1607 non
325 1550 434 1608 videtur
447 1549 554 1608 idcirco
567 1548 762 1625 repellendae
781 1547 977 1614 sacramentis,
991 1545 1152 1606 dnmmodo
1169 1544 1198 1602 de

113 1649 154 1705 rei
174 1649 290 1706 ueritate
310 1652 378 1708 satis
397 1648 510 1709 aliunde
531 1657 651 1707 constet.
692 1648 858 1724 Episcopus
879 1655 974 1706 autem
994 1656 1080 1705 caute
1103 1656 1132 1704 et
1144 1663 1198 1722 pru·

113 1746 212 1805 denter
224 1757 432 1808 sacramentnm
445 1749 483 1806 ita
493 1747 746 1824 vindicetoportet,
754 1755 787 1804 ut
799 1764 837 1804 ex
846 1747 953 1805 incerta
966 1746 1091 1823 alicujus
1099 1746 1198 1805 denun-

114 1847 228 1905 tiatione
242 1847 383 1908 sacerdoti
396 1848 486 1925 probo
499 1858 528 1906 et
541 1848 590 1923 pio
609 1845 681 1905 nihil
703 1845 879 1905 incommodi
898 1846 1063 1922 contingat:
1085 1843 1161 1919 quod
1177 1844 1199 1901 si

114 1946 150 2004 de
163 1947 205 2004 rei
218 1949 333 2005 veritate
347 1947 424 2007 nulla
437 1948 475 2004 sit
487 1946 633 2006 dubitandi
652 1963 747 2013 causa,
762 1965 779 2003 a
798 1945 980 2003 sanctissimo
992 1934 1117 2004 munere
1131 1960 1199 2002 amo·

112 2045 221 2104 sendus
239 2056 282 2104 est
301 2046 389 2106 homo
409 2047 556 2114 scelestus,
571 2064 607 2104 ne
628 2045 774 2102 ammabns
800 2044 928 2103 insidiari
952 2054 1065 2123 pergat.
1109 2045 1198 2103 Poene

115 2153 208 2202 autem
231 2146 447 2204 aPontificibus
467 2145 529 2202 latae
552 2146 602 2203 vix
624 2144 813 2213 incurruntur,
828 2144 885 2202 nisi
904 2142 1051 2220 judicium
1072 2144 1104 2203 in
1122 2158 1196 2201 reum

113 2245 275 2311 instruatur,
296 2244 414 2302 testibus
434 2244 548 2323 Juratis,
568 2253 598 2301 et
616 2261 647 2300 re
673 2244 787 2319 penitus
814 2243 972 2320 explorata.
1015 2242 1197 2303 Poenitentcnr

114 2342 219 2419 poterit
231 2343 384 2418 episcopus
396 2340 433 2401 dr
444 2340 617 2403 inhabilitate
630 2342 742 2401 solvere
762 2344 792 2401 in
816 2342 931 2401 casibus
952 2342 1087 2411 occultis,
1100 2342 1130 2399 vi
1141 2338 1198 2399 'l'ri-

114 2440 235 2499 dentinae
248 2440 400 2511 facultatis,
412 2440 604 2519 velepecialis
619 2440 736 2501 indulti:
759 2441 831 2501 adeo
850 2451 883 2500 ut
902 2440 938 2499 ad
959 2441 1135 2501 Pontificem
1148 2456 1198 2498 non

115 2540 152 2598 sit
165 2558 283 2599 necesse
302 2558 457 2611 recurrere.
476 2541 534 2603 nisi
554 2561 599 2602 res
620 2540 705 2601 suerit
725 2540 761 2599 ad
782 2542 963 2618 episcopum,
984 2540 1079 2600 forma
1098 2546 1198 2598 seruate

110 2639 224 2718 judicii,
236 2641 338 2700 delata.
