2640 4860
547 390 690 451 CAPUT
711 389 894 450 UNIOUM.

522 697 547 773 §.
563 695 618 757 111.
660 697 708 756 De
722 711 916 755 neruosusne.

217 875 263 928 lb.
285 867 416 926 Effectus
426 875 560 925 extreme
571 868 712 926 unctionis
725 876 793 925 sunt
804 867 947 942 imprimis
960 864 1259 943 gratIoesanctitiosntis

175 977 369 1047 augmentum,
381 986 446 1025 cum
457 967 513 1024 illis
523 967 648 1034 auxiliis,
660 968 764 1038 quibus
777 967 872 1023 anima
884 966 1060 1036 sublevatur,
1071 975 1100 1024 et
1109 966 1258 1025 excitatur:

175 1087 238 1142 quae
250 1066 608 1145 gratia,juxtanonnullos,
620 1066 758 1133 tribuitur,
770 1064 884 1137 quando
894 1084 1033 1144 organum
1044 1064 1193 1139 quodlibet
1203 1084 1259 1123 sen·

175 1186 260 1227 suum
270 1167 400 1242 ungitur:
410 1167 495 1242 juxta
504 1165 587 1233 alios,
597 1165 712 1224 nonnisi
719 1165 749 1222 in
757 1166 843 1223 totius
854 1165 925 1223 ritus
933 1165 1186 1224 consummatione
1196 1184 1203 1222 :
1213 1164 1259 1223 tol-

175 1267 272 1325 luntur
282 1273 406 1343 peccata,
417 1265 441 1322 si
451 1283 514 1336 quae
526 1266 686 1342 supersint:
709 1264 840 1333 venialia,
849 1264 969 1333 scilicet,
978 1264 1007 1322 vi
1020 1264 1194 1322 sacramenti
1203 1282 1260 1341 pro·
1301 1284 1304 1289 ·

176 1366 256 1443 pria:
271 1363 400 1422 mortalia
409 1372 502 1421 autem
513 1362 679 1423 secundarid
688 1373 717 1421 ct
729 1382 781 1440 per
789 1363 933 1433 accidens,
945 1363 1012 1421 sies
1021 1362 1173 1440 admiserit
1184 1363 1260 1423 mori·

175 1462 298 1531 bundus,
313 1481 366 1520 nec
380 1481 480 1522 eorum
493 1464 606 1521 veniam
620 1462 712 1520 adhuc
729 1464 941 1540 impetraverit:
965 1463 1062 1521 “siin
1075 1463 1204 1538 peccatis
1217 1462 1261 1530 sit,

176 1564 353 1623 remittentur
361 1561 421 1619 ei.’'
451 1558 509 1620 'De
521 1580 557 1622 eo
570 1562 638 1620 dicit
650 1563 804 1621 concilium
819 1562 1038 1622 Tridentinum:
1061 1569 1082 1597 ‘⁶
1092 1560 1260 1633 Reaeteuin
1276 1578 1282 1593 ·

176 1661 238 1721 hnc
251 1661 340 1738 gratia
349 1671 393 1718 est
403 1661 527 1738 Spiritus
538 1661 648 1729 Sancti,
656 1663 739 1739 cujus
753 1663 849 1720 unctio
862 1661 976 1729 delicta,
984 1661 1010 1718 si
1024 1679 1090 1735 qoae
1103 1661 1164 1720 sint
1172 1660 1260 1719 adbuc

177 1760 331 1838 expianda,
341 1780 374 1818 ac
383 1762 493 1837 peccati
507 1762 642 1833 reliquias
651 1760 818 1839 abstergit.”
851 1759 998 1859 quldem
1007 1760 1058 1834 qui
1068 1760 1126 1818 sibi
1138 1760 1262 1847 conscius

175 1870 220 1919 est
238 1861 348 1937 peccati
361 1860 498 1930 mortalis,
513 1860 548 1918 ad
561 1861 733 1937 poenitentiae
752 1844 963 1943 saorenfflm
982 1859 1068 1918 debet
1086 1850 1258 1938 confugero:

176 1959 228 2037 sed
239 1961 264 2018 si
277 1978 335 2018 non
350 1960 441 2017 valeat
453 1959 522 2017 illud
536 1961 694 2038 suscipere,
703 1959 796 2018 adhuc
808 1948 929 2022 idoneus
940 1976 1006 2019 esse
1017 1960 1260 2037 puteritextremu

176 2059 315 2126 unctioni,
329 2077 385 2130 qua
397 2060 510 2125 animae,
525 2060 651 2132 alioquin
664 2060 839 2136 poenitentis,
854 2048 957 2119 delicta
978 2057 1138 2117 deleantur.
1181 2057 1261 2116 “Ad-

80 2146 89 2163 '
176 2157 396 2217 hibeturautem
420 2157 476 2215 hoc
498 2158 738 2227 sacramentum,”
759 2159 854 2232 inquit
866 2159 899 2217 S.
914 2158 1056 2226 Thomas,
1078 2157 1260 2217 “secundum

177 2256 296 2315 modum
309 2255 456 2330 cujusdam
476 2255 683 2325 medicationis,
704 2259 779 2316 sicut
799 2259 957 2334 baptismus
977 2275 1030 2334 per
1052 2257 1174 2316 modum
1193 2256 1262 2315 ablu·

178 2354 273 2412 tionis.
316 2352 464 2412 Medicina
488 2364 582 2413 autem
615 2356 719 2414 estad
745 2357 910 2435 pellendum
936 2355 1143 2416 infirmitatem.
1185 2355 1261 2415 Unde

177 2451 372 2531 principaliter
384 2454 440 2511 hoc
453 2464 659 2515 sacramentum
674 2467 718 2514 est
731 2457 889 2516 institutum
910 2456 945 2513 ad
969 2454 1131 2516 sanandum
1152 2455 1261 2514 infirmi·

179 2558 264 2611 tatem
277 2553 401 2630 peccati:
416 2562 447 2610 ut
458 2554 534 2611 sicut
547 2555 702 2631 baptismus
713 2566 757 2613 est
770 2554 898 2628 quaedam
912 2554 1069 2632 spiritualis
1079 2556 1260 2634 regeneratio,

178 2666 207 2711 ct
219 2653 386 2730 poenitentia
405 2653 534 2724 quaedam
548 2655 702 2730 spiritualis
723 2655 887 2723 suscitatio:
908 2655 994 2712 itaet
1016 2664 1149 2715 extrema
1172 2655 1260 2713 unctio

178 2754 216 2812 sit
228 2752 359 2826 quaedam
372 2752 526 2829 spiritualis
535 2755 644 2811 sanatio
654 2753 698 2810 vel
712 2754 873 2812 medicatio.
914 2754 994 2812 Sicut
1003 2763 1100 2812 autem
1114 2753 1260 2830 corporalis

178 2851 329 2911 medicatio
343 2853 540 2929 praesupponit
552 2852 729 2930 corporalem
743 2854 829 2910 vitam
849 2854 879 2910 in
893 2852 1044 2921 medicato,
1056 2853 1094 2911 ita
1114 2853 1261 2930 spiritualis

179 2952 366 3029 spiritualem.
401 2951 442 3009 Et
461 2951 526 3010 ideo
543 2951 598 3010 hoc
619 2963 826 3010 sacramentum
846 2971 904 3011 non
919 2951 1000 3009 datur
1019 2961 1121 3011 contra
1133 2951 1262 3017 defectus,

180 3052 282 3124 quibus
297 3050 451 3127 spiritualis
462 3051 519 3108 vita
532 3051 648 3119 tollitur',
662 3051 771 3109 scilicet
783 3062 882 3109 contra
895 3060 1043 3128 peccatum
1062 3051 1212 3128 originale,
1226 3049 1264 3108 vel

180 3151 315 3209 mortale:
331 3149 382 3207 sed
396 3159 493 3207 contra
506 3151 570 3208 illos
584 3150 722 3219 defectus,
736 3152 840 3224 quibus
854 3152 942 3209 homo
955 3151 1141 3226 spiritualiter
1150 3150 1265 3209 infirme·

180 3259 271 3317 tur,ut
280 3268 338 3307 non
348 3249 449 3305 habeat
461 3249 616 3324 perfectum
630 3251 757 3327 vigorem
771 3250 805 3308 ad
815 3261 893 3309 actus
907 3251 981 3318 vitae,
990 3251 1100 3327 gratiae,
1109 3250 1155 3308 vel
1166 3249 1265 3328 glorie.

181 3347 222 3405 Et
233 3347 280 3404 hic
294 3348 422 3405 deiectus
436 3347 507 3404 nihil
520 3348 596 3407 aliud
609 3360 661 3414 est,
672 3369 756 3422 quam
770 3349 898 3422 quaedam
913 3348 1041 3406 debilitas
1061 3357 1090 3406 et
1099 3348 1263 3427 ineptitudo,

180 3464 243 3517 quae
263 3446 292 3503 in
306 3445 387 3503 nobis
401 3446 568 3518 relinquitur
582 3466 619 3505 ex
632 3459 748 3525 peccato
762 3450 872 3518 actuali,
887 3449 932 3506 vel
952 3448 1102 3524 originali:
1125 3461 1156 3508 et
1176 3458 1265 3508 contra

179 3544 255 3603 hanc
269 3543 442 3603 debilitatem
455 3545 542 3604 homo
564 3548 711 3605 roboratur
722 3568 772 3626 per
791 3547 848 3606 hoc
870 3558 1089 3607 sacramentum.
1132 3548 1194 3607 Sed
1205 3544 1265 3622 qni:

181 3645 237 3704 hoc
250 3646 336 3703 robur
347 3645 436 3721 gratia
456 3644 531 3716 facit,
547 3664 609 3719 quae
630 3665 727 3705 secum
749 3667 807 3706 non
826 3648 997 3724 compatitur
1016 3645 1265 3725 peccatum:'ideo

180 3764 219 3804 ex
236 3746 433 3819 consequenti,
445 3747 471 3803 si
481 3745 589 3804 invenit
598 3757 745 3822 peccatum
756 3748 884 3822 aliquod,
893 3746 939 3805 vel
946 3746 1074 3816 mortale,
1090 3747 1138 3805 vel
1151 3746 1265 3812 veniale,

180 3845 288 3918 quoad
308 3845 431 3923 culpam,
443 3844 517 3905 tollit
529 3847 634 3922 ipsum,
649 3845 805 3906 dummodo
826 3866 884 3906 non
904 3854 1026 3923 ponatur
1039 3847 1117 3905 obex
1140 3865 1178 3906 ex
1194 3855 1265 3924 perte

182 3937 396 4022 recipientis.’'1

223 4047 270 4101 16.
290 4044 413 4103 Inseruit
443 4043 499 4103 hoc
523 4052 733 4105 sacramentum
758 4046 913 4107 valetudini
945 4045 1163 4123 recuperande,
1177 4046 1202 4105 si
1232 4044 1266 4102 ita

181 4141 315 4219 expediat
334 4145 435 4202 animae
454 4145 547 4214 saluti,
569 4164 627 4220 quo
645 4143 766 4205 refertur
783 4146 927 4206 excitandi
947 4155 1086 4224 aegrotum
1107 4142 1268 4226 promissio,

456 4347 499 4412 (1)
518 4346 604 4412 Suppl.
616 4347 650 4399 iii.
660 4364 684 4413 p.
696 4365 737 4413 qu.
748 4366 809 4400 xxx.
821 4357 863 4400 art
875 4351 892 4401 i.
926 4350 1002 4419 Κεφ.
