2640 4860
119 382 179 439 ³18
400 373 459 435 DE
481 373 661 435 OFFlGllS
682 374 933 437 CONJUGUM.

118 557 206 604 status
220 540 380 619 conjugalis
399 542 465 618 jure
479 552 610 601 censetur
628 543 691 603 lino
710 544 845 620 pleraque
865 542 1082 617 quodammodo
1103 544 1186 603 oohon·

117 656 218 710 estare,
244 653 273 699 et
293 659 409 718 gravem
430 642 539 700 anferre
562 643 784 719 turpitudinem:
806 662 892 702 seons
918 644 1054 720 plurimis
1076 644 1189 721 perieulis

117 742 316 820 scrupulisque
343 740 416 797 soret
444 742 595 800 obnoxius.
638 743 708 801 “Et
727 741 816 810 hoo,”
846 744 940 816 inquit
970 744 1004 802 S.
1030 745 1191 821 Alphonsus‚

118 840 261 900 “etiamsi
275 840 379 915 copula
397 851 463 899 tunc
477 842 548 917 ipsis
562 849 638 898 esset
652 843 735 900 vetita
747 843 785 900 ob
799 843 942 911 morbum,
958 845 1006 902 vel
1016 853 1093 902 esset
1105 845 1193 920 impos·

116 941 209 999 sibilis
232 941 270 999 ob
292 940 487 1014 impotentiam
507 959 571 1014 quas
593 937 854 1016 supervenisset.”¹
896 942 985 1008 Quod
1005 944 1031 1000 si
1058 945 1121 1016 quis
1141 952 1194 1000 voto

117 1042 253 1099 castitatis
273 1058 305 1097 se
326 1039 453 1116 ligasset,
474 1050 541 1098 tuno
555 1039 639 1115 plane
653 1040 745 1099 sorent
757 1041 806 1099 illa
819 1041 916 1099 omnia
928 1042 1071 1100 mortalia.
1113 1043 1143 1099 Si
1154 1043 1194 1098 in·

119 1139 314 1219 pedimentum
328 1139 438 1215 copulas
453 1139 602 1215 proveniat
621 1158 658 1197 ex
671 1139 805 1198 affinitate
818 1139 863 1197 rel
876 1142 1048 1216 cognatione
1062 1141 1194 1218 spirituali,

117 1242 203 1299 etiam
217 1250 283 1297 tuno
297 1248 386 1295 taetris
400 1237 566 1316 hujusmodi
579 1239 710 1298 excusari
724 1252 846 1316 possunt
858 1259 874 1296 a
889 1241 1013 1308 mortali,
1025 1260 1114 1314 quum
1126 1259 1196 1319 pena

118 1341 191 1417 legis
204 1340 241 1396 sit
253 1339 356 1394 strictae
370 1337 617 1414 interpretationis.

161 1443 227 1497 107.
249 1435 372 1504 Quando
387 1436 546 1514 periculum
564 1437 731 1515 pollutionis
751 1438 781 1496 in
803 1456 844 1506 se,
866 1438 913 1496 vel
927 1438 956 1495 in
971 1439 1060 1498 altero
1074 1438 1195 1517 praevide·

118 1547 171 1606 tur,
186 1536 331 1595 difficilius
355 1546 528 1595 excusantur
545 1544 636 1595 taetus
649 1536 815 1614 hujusmodi
827 1558 844 1595 a
857 1537 937 1614 gravi
950 1548 1081 1614 peccato,
1096 1557 1195 1617 praser·

118 1638 168 1695 tim
188 1638 213 1694 si
235 1636 382 1694 rideantur
404 1636 536 1695 inchoata
552 1636 683 1713 (undam
706 1636 826 1713 pollutio
847 1635 880 1717 (“
889 1647 975 1713 prout
994 1649 1073 1697 esset
1092 1638 1195 1716 digitum

118 1754 232 1794 morose
247 1736 400 1795 admovere
426 1732 499 1794 intra
524 1752 574 1793 ras
594 1733 798 1814 femineum.’')
848 1736 880 1793 S.
903 1736 1050 1813 Alphonsi
1072 1738 1195 1815 judicium

116 1835 235 1894 damus:
260 1835 365 1893 “Puto
379 1835 553 1911 probabilius
575 1832 737 1904 dicendum,
758 1835 836 1909 quod
849 1844 928 1893 artus
944 1845 1044 1913 turpes
1058 1838 1130 1896 inter
1141 1854 1194 1895 oon·

114 1935 200 2011 juges
221 1952 286 1993 cnm
309 1935 436 2010 periculo
456 1935 631 2012 pollutionis,
652 1944 708 1993 tam
732 1936 761 1995 in
785 1944 896 2012 petente
917 1954 1005 2008 quam
1020 1936 1051 1997 in
1064 1936 1194 2003 reddente,

116 2046 184 2093 sunt
196 2034 342 2093 mortalia:
368 2036 424 2092 nisi
440 2034 605 2101 habeantur,
626 2043 658 2092 ut
677 2037 813 2113 conjuges
833 2052 864 2092 so
885 2035 1014 2093 excitent
1027 2035 1062 2092 ad
1077 2035 1195 2113 copulam

117 2135 249 2210 proximo
262 2142 435 2199 secuturam,
453 2134 520 2205 quia
540 2151 605 2190 oum
623 2135 680 2211 ipsi
695 2134 729 2193 ad
743 2134 875 2211 copulam
892 2135 943 2211 jus
955 2134 1092 2203 habeant,
1107 2135 1198 2193 habent

115 2233 199 2290 etiam
210 2233 259 2307 jus
273 2230 307 2288 ad
322 2231 390 2287 tales
404 2239 492 2300 aetus,
514 2232 626 2289 tametsi
646 2233 766 2308 pollutio
780 2252 829 2310 per
842 2233 975 2291 accidens
991 2235 1125 2312 copulam
1139 2253 1196 2311 prae·

114 2331 218 2387 veniat.
252 2330 341 2386 Actus
355 2327 421 2386 verb
436 2329 556 2406 pudicos
570 2331 655 2390 etiarn
670 2351 774 2392 censeo
788 2352 852 2390 osse
868 2333 1007 2402 mortalia,
1023 2336 1048 2392 si
1062 2334 1130 2392 fiant
1142 2351 1196 2391 oum

114 2429 242 2507 periculo
254 2428 422 2506 pollutionis
435 2429 464 2487 in
478 2447 520 2498 se,
531 2429 576 2487 vel
590 2429 619 2488 in
633 2431 730 2499 altero,
741 2451 809 2491 casu
821 2451 878 2505 quo
892 2432 1053 2492 habeantur
1066 2433 1103 2491 ob
1116 2435 1196 2491 solani

116 2530 300 2607 voluptatem,
324 2528 368 2585 vel
388 2529 473 2586 etiarn
493 2531 530 2588 ob
549 2530 643 2588 levem
664 2549 798 2589 oausam:
820 2550 904 2589 secus
924 2533 951 2589 si
965 2533 1002 2589 ob
1016 2551 1130 2590 oausam
1145 2551 1198 2608 gra·

115 2649 190 2698 vern,
204 2640 272 2706 puta
284 2631 310 2687 si
324 2627 476 2701 aliquando
496 2629 569 2687 adsit
591 2649 696 2706 urgens
717 2649 802 2688 eausa
816 2631 986 2689 ostendendi
1002 2632 1109 2690 indicia
1123 2631 1197 2689 affec·

114 2742 158 2788 tus
173 2729 208 2787 ad
222 2727 376 2789 fovendum
390 2737 518 2787 mutuum
529 2748 666 2796 amorem,
678 2729 722 2786 vel
733 2739 763 2787 ut
772 2731 879 2807 conjux
890 2740 996 2788 avertat
1010 2733 1197 2808 suscipionem

114 2831 148 2887 ab
162 2830 258 2896 altero,
273 2826 352 2902 quod
362 2826 425 2905 lpse
438 2829 476 2885 slt
486 2846 553 2904 erga
566 2827 649 2886 aliam
666 2847 817 2904 personam
832 2848 1004 2905 propensus.
1048 2829 1196 2890 Probabili-

114 2941 156 2986 ter
168 2930 266 2987 dicunt
279 2925 422 2994 Sanobez,
437 2928 567 2996 Bossius,
582 2938 611 2986 et
623 2929 768 2986 Esoobar:
792 2920 840 2985 ‘ln
854 2928 999 2996 reddente,
1017 2939 1107 2988 taetus
1121 2932 1196 2987 etiam

113 3027 286 3105 impudicos,
301 3028 356 3087 nisi
369 3028 426 3084 sint
439 3027 508 3084 tales
522 3036 553 3084 ut
566 3027 711 3085 videantur
724 3027 855 3085 inchoata
875 3029 1006 3104 pollutio,
1022 3047 1088 3087 esse
1103 3031 1195 3094 licitos,

113 3128 243 3199 quamvis
258 3128 331 3185 adsit
344 3127 500 3202 periculum
515 3126 680 3202 pollutionis
700 3129 729 3185 in
753 3128 896 3196 alterutro,
912 3131 980 3201 quia
994 3139 1062 3186 tuno
1082 3129 1195 3187 reddens

113 3225 160 3283 dat
180 3245 297 3301 operam
319 3226 359 3283 rei
378 3225 472 3292 lioitae,
495 3225 529 3282 ad
550 3246 635 3300 quam
656 3229 794 3304 obligatur
814 3238 928 3304 propter
943 3229 993 3305 jus
1007 3230 1141 3303 petentis,
1156 3226 1196 3302 qni

114 3326 224 3381 tametsi
240 3333 347 3399 peceat,
363 3333 527 3381 nontamen
545 3327 594 3402 jus
608 3328 718 3395 amittit,
740 3346 805 3386 uum
826 3329 909 3403 culpa
923 3347 954 3385 se
969 3338 1065 3385 teneat
1078 3337 1194 3404 exparte

112 3422 264 3499 personae.’
275 3415 311 3448 ”²
352 3421 507 3478 Immittere
529 3424 662 3498 pudenda
675 3426 705 3484 in
719 3445 752 3484 os
766 3428 863 3484 uxoris
877 3427 961 3485 etiam
976 3427 1080 3496 obiter,
1097 3427 1195 3485 videtur

111 3530 258 3598 peceatum
280 3518 395 3577 mortale
422 3526 511 3576 “tum
533 3525 600 3594 quia
620 3526 649 3581 in
669 3525 725 3583 hoo
748 3536 811 3584 actu
831 3527 868 3583 ob
893 3529 1017 3585 calorem
1039 3529 1098 3586 oris
1125 3526 1195 3583 adest

111 3620 273 3699 proximum
288 3619 447 3697 periculum
468 3621 643 3695 pollutionis,
665 3633 723 3682 tunr
739 3627 805 3697 qnia
819 3626 880 3683 haec
895 3645 946 3702 per
959 3645 990 3683 se
1007 3627 1118 3684 videtur
1130 3643 1195 3683 nova

110 3724 223 3801 speeies
236 3722 356 3780 lnxuriae
371 3731 468 3778 contra
480 3730 608 3781 naturam
630 3722 716 3804 (diota
736 3725 771 3782 ab
791 3726 932 3798 aliquibus
952 3717 1194 3803 irrumnutio.)”³

19 3902 24 3909 Ι
161 3826 227 3881 108.
249 3824 357 3881 Tactus
384 3831 479 3897 turpes
508 3824 671 3900 suiipsius,
699 3826 822 3902 conjuge
849 3828 975 3895 absente,
1004 3828 1054 3884 vix
1081 3832 1194 3902 possunt

46 3975 50 3983 .
111 3941 206 3981 carere
229 3922 354 3999 periculo
375 3921 507 3997 proximo
527 3924 701 3999 pollutionis,
716 3922 837 3995 ideoque
850 3924 1020 4003 plerumque
1035 3925 1195 3983 damnantur

110 4023 221 4095 peccati
235 4022 368 4080 mortalis.
412 4032 430 4056 ‘⁴
441 4021 535 4090 Ratio,
558 4032 616 4081 tum
638 4024 704 4096 quia
724 4024 830 4100 conjux
851 4042 908 4085 non
921 4024 1008 4083 lrabet
1029 4025 1079 4101 jus
1103 4039 1191 4100 perse

110 4119 139 4175 in
154 4122 298 4196 proprium
315 4139 428 4196 eorpus,
444 4121 493 4178 sed
509 4131 615 4180 tantum
625 4142 680 4200 per
692 4123 823 4181 aooidens
836 4143 940 4201 nempe
959 4134 1078 4192 tantum,
1093 4133 1123 4182 ut
1135 4139 1192 4199 pos·

146 4333 188 4402 (l)
208 4332 237 4380 L.
247 4334 279 4381 vi.
292 4350 315 4383 n.
328 4338 384 4385 9³³.
512 4340 553 4406 (2)
573 4339 672 4398 Ibidem,
684 4355 708 4388 n.
721 4341 778 4386 934.
900 4345 942 4408 (3)
962 4342 1061 4403 Ibidem,
1073 4357 1098 4391 n.
1111 4341 1164 4388 935.
