2640 4860
146 365 207 423 att
342 358 400 421 DE
420 354 742 419 turismundus
763 355 1048 419 Muuntntotttt

146 525 333 603 dispensatio.
372 527 406 584 δί
419 525 552 584 alteruter
563 523 649 582 fuerit
661 523 743 582 boue
756 521 835 591 fidei,
849 525 979 602 conjuge
991 533 1104 584 mortua
1116 523 1147 580 lit
1162 522 1226 583 loeus

147 625 228 682 novis
253 625 382 701 nuptiis:
403 643 469 698 quae
488 624 545 682 uisi
564 622 642 681 initae
662 622 777 690 suerint,
792 632 892 699 peccam
918 623 969 695 qui
989 623 1064 701 petit
1087 623 1132 681 vel
1155 620 1229 680 reddit

147 721 284 781 debitum.
328 722 474 783 Dubitatio
500 732 594 781 autem
620 720 656 779 de
676 721 808 798 conjugis
827 732 921 780 morte
944 740 1004 782 non
1023 721 1092 780 facit
1112 729 1144 780 ut
1159 719 1229 778 licen

147 839 238 879 novas
248 822 318 880 inire
326 823 450 900 nuptias,
460 821 510 879 sed
520 818 659 879 certitudo
669 819 802 895 exigitur,
813 821 855 879 nti
867 819 1101 897 supradiximus.
1122 820 1230 886 Quando

148 920 288 997 contingit
307 920 418 994 aliquos
431 920 476 978 his
492 919 612 978 vinculis
636 918 729 997 ligari,
742 926 772 976 et
784 937 902 978 omnem
916 920 1057 979 amissam
1073 937 1138 976 esse
1159 936 1230 995 spen

150 1020 192 1077 rei
213 1020 337 1077 veritatis
350 1018 527 1097 detegendae,
535 1019 560 1075 si
574 1017 812 1094 praesumptiones
826 1019 926 1076 mortis
939 1019 1076 1097 conjugis
1093 1018 1232 1075 vehemen-

151 1131 194 1174 tes
214 1118 281 1181 sint.
296 1117 395 1177 licebit
415 1118 511 1177 forsan
524 1134 586 1184 eos,
601 1117 650 1188 qui
670 1136 688 1175 a
707 1115 841 1174 diuturna
861 1117 1074 1176 cousuetudine
1093 1117 1176 1175 avelli
1192 1117 1232 1172 vix

110 1270 116 1281 ‚
150 1226 293 1292 poterunt,
307 1216 490 1293 conjungere,
502 1225 560 1272 uta
572 1227 649 1273 certo
662 1215 773 1273 interitu
784 1215 950 1290 eripiantur.

193 1317 260 1373 170.
282 1315 315 1373 δί
340 1333 371 1372 re
395 1315 563 1389 investigata
582 1322 693 1371 constet
712 1314 866 1390 conjugem
888 1331 954 1373 esse
978 1313 1170 1390 superstitem,
1189 1330 1232 1368 neu

151 1411 268 1470 reddere
289 1430 341 1471 nee
364 1423 461 1489 petere
482 1413 549 1470 lieet
567 1410 705 1478 debitum,
725 1413 837 1469 etiamsi
857 1413 932 1469 bona
956 1413 1015 1470 fide
1035 1410 1234 1469 matrimonium

152 1510 311 1570 secuudum
326 1512 426 1570 initum
440 1511 534 1576 fuerit,
548 1528 613 1567 narn
637 1510 823 1586 praesumptio
835 1508 911 1567 cedit
924 1509 1011 1577 laeto,
1025 1519 1054 1567 et
1071 1510 1163 1567 cuitus
1180 1527 1235 1566 eum

152 1610 257 1681 aliqua,
272 1611 395 1686 conjuge
405 1610 568 1687 superstite,
583 1607 751 1667 adulterium
764 1619 818 1676 est,
832 1619 1009 1685 quapropter
1022 1607 1138 1666 “debet
1150 1609 1232 1684 potins

152 1709 458 1769 excommunicationis
471 1708 640 1767 seutentiam
653 1706 798 1765 humiliter
811 1707 964 1776 sustinere,
976 1725 1065 1780 quam
1075 1726 1126 1784 per
1138 1705 1235 1764 carnale

153 1808 357 1866 commercium
373 1819 520 1884 peccatum
534 1805 646 1883 operari
656 1801 822 1864 mortale.”¹

195 1908 262 1964 171.
284 1904 437 1966 Honeatoa
458 1904 583 1986 publice
608 1905 846 1981 impedimentum
871 1903 974 1962 dieitur
1007 1905 1180 1982 proveniens
1204 1920 1234 1959 er

91 2024 100 2039 ·
153 2005 337 2079 sponsalibus
348 2006 461 2074 validis,
475 2006 519 2063 vel
533 2023 571 2063 ex
584 2004 765 2063 matrimonio
778 2014 848 2071 rato,
860 2021 917 2062 non
932 2012 1144 2062 consummato.
1165 2000 1238 2068 Quod

151 2120 190 2160 ex
209 2104 391 2179 sponsalibus
404 2105 501 2171 oritur,
515 2101 591 2161 haud
605 2104 730 2177 primum
744 2102 856 2161 excedit
874 2101 994 2179 gradum
1016 2102 1236 2180 consanguinita·

154 2196 218 2257 tis!
260 2203 310 2259 Sic
330 2220 388 2260 uon
409 2210 505 2278 potest
530 2202 574 2258 vir
592 2199 697 2258 ducere
717 2219 846 2260 sororem
860 2219 985 2277 sponsae,
999 2202 1047 2259 vel
1061 2212 1190 2269 matrem,
1201 2198 1239 2256 vel

152 2297 260 2356 tiliam:
281 2317 334 2357 nec
349 2301 452 2358 mulier
464 2308 560 2376 potest
572 2299 679 2356 nubere
692 2300 780 2368 fratri,
794 2299 865 2368 filio,
879 2300 925 2359 vel
938 2301 1013 2377 patri
1026 2302 1138 2376 sponsi.
1179 2299 1237 2358 Hoc

153 2405 260 2472 perstat
283 2397 532 2474 impedimentum,
559 2399 673 2456 etiamsi
698 2408 797 2457 mutuo
823 2417 966 2457 consensu
987 2399 1135 2474 sponsalia
1159 2399 1241 2457 solnta

153 2487 245 2562 siut3³
264 2495 305 2554 uti
323 2494 476 2555 declaravit
495 2497 527 2555 S.
550 2496 587 2554 C.
603 2499 779 2574 approbante
799 2497 964 2557 Alexandro
987 2496 1058 2556 vll.
1077 2497 1125 2557 die
1151 2503 1169 2557 6
1187 2497 1239 2556 tut.

156 2599 244 2661 1668.
259 2615 325 2654 uam
339 2599 376 2654 ob
395 2616 506 2655 momm
528 2597 706 2654 honestatem
729 2597 880 2673 publicam,
894 2607 923 2654 et
942 2595 1042 2664 decus,
1057 2598 1093 2655 ab
1113 2597 1239 2658 Ecclesia

154 2706 290 2753 statutum
316 2707 369 2753 est.
411 2697 459 2754 Ex
486 2697 667 2755 matrimonio
687 2704 757 2763 rato,
774 2695 843 2753 lieet
861 2713 918 2755 non
938 2708 1148 2766 consummato,
1162 2696 1241 2755 oritur

154 2793 389 2870 impedimentum
403 2794 437 2851 ad
460 2806 590 2866 quartum
604 2813 694 2866 usque
710 2793 827 2869 gradum
841 2791 1015 2853 inclusive.⁴
1056 2793 1241 2872 Impedimen·

155 2904 214 2950 tum
229 2911 266 2949 ex
280 2894 463 2970 sponsalibus
477 2911 655 2966 quacumque
676 2894 783 2950 ratione
803 2892 879 2950 haud
893 2893 992 2951 validis
1014 2892 1157 2952 sublatum
1177 2902 1243 2950 esta

155 2991 278 3049 coneilio
301 2992 488 3051 Tridentino:
510 2993 616 3051 idcirco
631 2993 655 3049 si
675 3001 739 3067 post
751 2991 884 3068 copulam
911 3010 976 3049 eum
997 2993 1132 3063 quadem,
1147 2992 1242 3064 aliquis

155 3092 243 3148 sorori
256 3091 384 3167 ejusdem
398 3091 538 3168 spondeat
550 3091 772 3159 matrimonium,
787 3109 875 3162 quum
889 3089 1056 3168 hujusmodi
1070 3093 1242 3169 sponsalium

156 3188 244 3246 valeri
270 3192 362 3248 obstet
387 3190 621 3266 impedimentum
647 3189 898 3266 consanguinitatis
922 3191 952 3247 in
978 3191 1074 3265 primo
1101 3191 1191 3267 gradu
1210 3206 1242 3247 ex

155 3286 256 3360 copula
276 3288 382 3355 illicita,
397 3290 500 3364 poterit
521 3290 644 3365 priorem
670 3289 783 3356 ducere,
805 3307 863 3347 non
887 3299 981 3346 tamen
1006 3288 1174 3348 secundam.
1214 3287 1242 3344 Si

156 3386 353 3457 precesserint
373 3386 520 3461 sponsalia
541 3405 605 3443 cum
632 3405 729 3445 sorore
754 3389 828 3464 ejus,
852 3407 937 3460 quem
961 3397 1063 3463 postea
1089 3387 1241 3451 defloravit,

155 3490 284 3538 neutram
306 3485 408 3557 poterit
426 3484 541 3548 ducere,
555 3502 621 3540 narn
642 3485 755 3559 publica
781 3485 914 3544 honestas
935 3495 1010 3542 vetat
1031 3505 1069 3545 ne
1092 3485 1241 3546 secundam

155 3579 256 3649 dueat;
277 3583 508 3659 consanguinitas
522 3600 558 3640 ex
573 3582 677 3657 copula
690 3585 793 3652 obstat,
808 3605 843 3644 ne
857 3586 940 3643 ducat
953 3585 1088 3661 priorem.

197 3685 265 3741 172.
287 3682 320 3741 Si
333 3682 458 3741 conditio
478 3684 610 3758 apposita
622 3682 705 3741 luerit
717 3685 909 3760 sponsalibus,
924 3703 981 3742 nou
995 3684 1140 3743 inducitur
1156 3686 1240 3759 impe·

155 3777 312 3841 dimentum
327 3793 391 3841 aute
411 3782 557 3860 impletam
577 3781 780 3851 conditionem,
796 3793 968 3861 quapropter
981 3785 1029 3855 qui
1050 3785 1090 3842 ita
1103 3782 1242 3860 sponsalia

155 3884 306 3950 contraxit,
322 3891 342 3917 ‘⁴
353 3883 378 3940 si
390 3882 572 3958 postmodum
586 3891 650 3940 ante
663 3878 836 3941 conditionis
850 3891 983 3941 eventum
992 3901 1059 3941 curn
1073 3883 1129 3942 alia
1142 3880 1239 3959 prioris

261 4043 303 4106 (l)
323 4039 385 4104 Cap.
394 4040 556 4103 inquisitioni,
567 4041 597 4092 de
605 4047 660 4093 serat
672 4058 763 4093 excom.

260 4127 303 4189 (2)
322 4124 400 4173 Cone.
412 4125 480 4174 Trid.
491 4127 556 4174 Sese.
568 4127 635 4178 xxiv.
647 4127 745 4191 cap-iii.

261 4209 303 4272 (3)
324 4208 386 4272 Cep.
398 4209 428 4259 sa·
439 4209 505 4274 quis,
516 4210 593 4260 xxvii.
605 4227 646 4274 qu.
657 4211 682 4261 it
692 4218 717 4261 et
727 4227 780 4276 cap.
789 4227 813 4261 v.
824 4210 853 4262 de
864 4211 1004 4278 monesi.
1014 4209 1111 4275 impul.

261 4292 292 4352 (4
324 4290 387 4341 Vide
399 4291 498 4342 Bullem
509 4291 560 4343 lxii.
570 4293 610 4344 Pii
621 4294 653 4343 V.
