2640 4860
177 383 215 441 m
499 375 557 434 na
578 325 949 434 courramlrroua.

176 544 296 615 tionis,”
311 544 404 618 inquit
424 541 457 599 S.
479 542 622 611 Thomas,
637 539 750 601 “datm
768 539 881 601 homini
906 549 1032 618 potestas
1053 540 1215 618 spiritualis
1237 542 1272 601 ad

175 645 314 721 quasdam
328 645 398 702 alias
411 643 537 701 actiones
550 659 656 707 sacras,
669 650 783 720 praeter
795 641 858 700 illas
872 638 907 698 ad
920 659 992 714 quas
1006 639 1088 699 datur
1101 642 1131 700 ei
1144 652 1270 718 potestas

177 748 208 805 in
228 746 380 822 baptismo.
422 742 500 800 Nam
523 743 552 800 in
578 742 720 818 baptismo
741 741 844 819 accipit
868 739 956 799 homo
982 749 1154 816 potestatem
1181 741 1217 798 ad
1241 761 1274 799 ca

177 843 369 924 agendaque
385 840 420 900 ad
431 843 575 919 propriam
589 842 732 918 pertinent
741 841 879 899 salntem:
896 848 980 916 prout
992 839 1104 898 scilicet
1112 840 1270 899 secundum

177 946 305 1022 seipsum
325 943 404 1001 vivit.
446 942 506 1000 Sed
527 943 556 1000 in
575 940 791 999 confirmatione
812 939 917 1014 accipit
935 940 1025 999 homo
1044 948 1217 1017 potestatem
1238 940 1272 998 ad

179 1043 322 1123 agendum
335 1060 368 1101 ea
388 1060 461 1115 quae
482 1043 625 1118 pertinent
646 1039 681 1099 ad
706 1057 832 1116 pugnarn
854 1039 1032 1114 spiritualem
1052 1048 1153 1097 contra
1174 1039 1271 1099 hostes

180 1144 259 1204 fidei.
302 1142 384 1200 Sicut
405 1149 483 1217 patet
501 1159 539 1199 ex
559 1139 693 1217 exemplo
716 1138 939 1215 Apostolorum:
955 1139 1005 1212 qui
1018 1145 1171 1210 antequam
1185 1138 1274 1217 pleni·

179 1243 308 1303 tudinem
322 1239 446 1318 Spiritus
459 1241 558 1298 Sancti
573 1240 744 1316 acciperent,
759 1245 840 1297 erant
852 1237 882 1295 in
896 1237 1042 1296 coenaculo
1053 1248 1270 1314 perseverantes

180 1345 208 1402 in
224 1344 370 1402 oratione:
387 1337 569 1415 postmodum
584 1357 652 1396 vero
665 1338 787 1416 egressi,
801 1356 859 1397 non
873 1338 1042 1396 verebantur
1062 1337 1174 1413 publice
1189 1338 1273 1396 fidem

180 1443 273 1510 fateri,
288 1441 373 1500 etiam
391 1456 487 1496 coram
511 1438 636 1496 inimicis
657 1437 726 1497 fidei
739 1437 910 1496 christiana.
945 1437 985 1495 Et
1004 1435 1069 1495 ideo
1090 1437 1273 1496 manifestum

182 1552 235 1610 est,
250 1538 328 1615 quod
341 1540 370 1597 in
384 1547 562 1596 sacramento
575 1536 801 1597 confirmationis
815 1537 988 1613 imprimitur
1001 1533 1197 1595 character.’'l

220 1643 250 1698 9.
272 1637 506 1697 Confirmationis
529 1655 650 1714 capaces
671 1646 853 1696 suntomaes
874 1636 1017 1712 baptizati,
1035 1636 1120 1694 etiam
1141 1635 1272 1702 infantes,

182 1738 285 1812 quibus
300 1737 369 1796 olim
383 1737 491 1811 passim
506 1736 712 1805 conserebatur,
724 1737 772 1809 qui
783 1744 877 1794 tamen
892 1754 981 1794 mosa
994 1735 1129 1794 Romana
1141 1734 1275 1794 Ecclesia

183 1837 333 1916 abrogatus
342 1845 396 1903 est,
403 1844 522 1895 testante
537 1836 694 1896 Benedieto
707 1837 792 1895 XIV.
803 1831 827 1893 :²
846 1855 923 1894 nunc
936 1845 1029 1894 autem
1044 1834 1160 1893 nonnisi
1174 1835 1205 1892 in
1215 1836 1275 1892 vita

184 1939 313 2014 periculo
332 1938 373 2006 fit,
396 1936 443 1993 vel
462 1938 542 2014 gravi
562 1936 716 1996 admodum
736 1935 773 1994 de
786 1954 882 2004 causa,
897 1944 965 2012 puta
977 1933 1055 2006 quod
1074 1935 1206 2011 episcopi
1228 1936 1275 2007 qui

184 2057 248 2097 earn
259 2037 436 2096 administret
445 2037 595 2113 copianon
603 2036 640 2092 sit
650 2035 731 2093 lacile
742 2033 844 2092 futura.
887 2043 907 2070 ‘⁶
919 2032 1047 2111 Expedit
1056 2033 1175 2092 autem”
1188 2034 1279 2107 inquit

184 2136 319 2203 Autome,
342 2142 476 2211 “pueros
497 2134 665 2210 tempestive
685 2133 848 2192 confirmari
869 2142 1020 2206 antequam
1033 2133 1199 2191 innocentia
1212 2134 1278 2210 bap·

183 2232 289 2292 tismali
311 2226 493 2291 excidant.”³
533 2231 677 2309 Perpetud
698 2243 826 2291 amentes
852 2233 1016 2292 confirmari
1042 2242 1174 2310 possunt,
1197 2242 1279 2310 prout

184 2330 307 2389 declarat
320 2329 495 2389 Benedictus
506 2332 591 2391 XIV.

227 2434 273 2488 10.
295 2430 344 2489 Ex
358 2430 564 2490 consuetudine
578 2430 717 2490 Ecclesia
733 2451 866 2509 sponsor,
881 2433 931 2506 qui
950 2433 1012 2508 ipse
1028 2431 1114 2490 fuerit
1130 2431 1279 2490 confirma·

185 2539 240 2599 tus,
262 2530 442 2589 adhibendus
455 2527 532 2596 est3⁴
551 2540 581 2589 et
600 2531 716 2604 quidem
731 2532 784 2589 snb
804 2533 901 2610 gravi:
923 2539 1044 2589 attamen
1065 2530 1143 2608 apud
1156 2549 1211 2596 nos
1224 2549 1279 2588 non

186 2632 336 2690 consuevit
352 2630 490 2690 adhiberi.
534 2630 720 2690 Contrahitur
739 2631 872 2708 cognatio
892 2630 1048 2707 spiritualis
1069 2631 1142 2689 inter
1161 2649 1279 2707 sponso·

186 2750 246 2790 rem
261 2740 290 2789 et
303 2731 511 2798 confirmatum,
526 2732 647 2808 ejusque
662 2737 802 2807 parentes.
844 2730 978 2788 Patrinus
999 2748 1117 2789 manum
1132 2729 1279 2788 dexteram

188 2849 274 2908 super
294 2831 442 2889 dexterum
461 2830 613 2889 humerum
633 2829 820 2890 confirmandi
838 2831 929 2906 ponit,
944 2829 993 2902 qui
1013 2829 1174 2888 mosabeo
1190 2831 1282 2903 quiin

190 2931 353 2989 Pontificali
373 2931 564 3008 prescribitur
583 2929 712 2988 diversus
738 2939 790 3000 est,
812 2929 899 2988 seda
920 2929 951 2986 S.
974 2927 1011 2987 C.
1033 2927 1153 2988 Rituum
1174 2929 1223 2988 die
1241 2932 1280 2986 20

189 3031 337 3107 Septemb,
354 3034 442 3096 1749,
457 3030 590 3106 probatus
604 3028 713 3089 dicitur.

231 3131 278 3186 ll.
300 3129 346 3186 De
360 3129 532 3205 obligatione
547 3129 721 3205 suscipiendi
733 3130 978 3188 confirmationem
989 3126 1172 3205 disceptatur,
1184 3127 1282 3188 multis

130 3304 135 3311 ι
190 3227 358 3304 negantibus
391 3226 489 3285 fideles
519 3227 583 3304 lege
614 3227 761 3304 adstringi,
788 3230 838 3300 qui
864 3239 958 3286 tamen
985 3227 1108 3286 fatentur
1140 3229 1282 3286 venialem

122 3314 135 3341 ²²
189 3324 299 3383 admitti
316 3325 441 3402 culpam,
456 3325 648 3401 pretermisso
667 3335 743 3385 tanto
763 3329 860 3403 gratiae
875 3326 1012 3386 subsidio.
1056 3325 1178 3384 Constat
1191 3328 1283 3404 Apos-

190 3424 262 3482 tolos
288 3441 423 3501 magnam
448 3422 607 3482 ostendisse
631 3424 842 3486 solicitudinem
869 3438 901 3486 ut
926 3427 1031 3504 singuli
1058 3424 1135 3484 dono
1159 3427 1283 3503 Spiritus

189 3524 278 3581 Sanct
287 3523 350 3600 iper
360 3541 495 3581 manuum
505 3523 719 3601 impositionem
728 3529 903 3585 munirentur
911 3524 935 3584 :⁵
947 3508 1026 3600 quod
1034 3536 1063 3584 et
1072 3526 1104 3583 S.
1117 3524 1285 3603 Cyprianus

190 3624 375 3682 vehementer
387 3623 588 3682 commendat:
614 3625 722 3703 “Ungi
736 3643 850 3700 quoque
864 3645 983 3685 necesse
997 3638 1041 3684 est
1052 3644 1117 3684 eum
1132 3627 1181 3698 qni
1196 3626 1285 3702 bapti·

191 3734 272 3784 zatus
287 3725 334 3792 sit,
349 3732 380 3783 ut
399 3731 515 3800 accepto
529 3724 692 3795 chrismate,
709 3725 737 3784 id
751 3734 804 3794 est,
818 3727 963 3795 unctione,
979 3744 1042 3784 esse
1057 3733 1159 3784 unctus
1173 3725 1243 3794 Dei,
1258 3735 1287 3783 et

190 3825 296 3885 habere
310 3825 339 3894 in
353 3843 385 3883 se
399 3823 510 3884 Christi
520 3826 638 3903 gratiam
652 3817 792 3904 possit.'’⁶
833 3826 977 3899 Equidem
990 3827 1039 3898 qui
1048 3826 1122 3885 inter
1134 3825 1284 3885 haereticos

191 3935 346 3995 versantur,
373 3925 504 4003 plurimis
524 3925 591 3984 fidei
612 3927 750 4005 neganda
775 3927 909 4003 periculis
934 3925 1063 3996 obnoxii,
1088 3927 1138 3984 vix
1163 3935 1287 4004 possunt

260 4085 302 4150 (1)
321 4083 614 4148 iii.p.qu.lxxii.art.v.
648 4087 725 4153 Resp.

260 4166 303 4230 (2)
323 4167 427 4219 Constit
441 4171 498 4219 129·
533 4171 707 4239 quoomor‘s.
906 4173 951 4240 (³)
971 4173 1221 4225 DeConfirmatione.

262 4251 305 4316 (4)
325 4251 386 4316 Cap.
395 4251 456 4303 Non
467 4257 555 4319 plures.
566 4256 596 4308 de
607 4273 710 4310 censeam
722 4258 781 4310 dat.
790 4257 823 4308 iv.
911 4262 953 4327 (ὁ)
974 4261 1030 4309 Act
1041 4259 1092 4309 xix.

342 4349 345 4355 ’
646 4346 688 4412 (6)
708 4345 756 4410 Ep.
766 4345 835 4395 lxxii.
