2640 4860
110 386 171 444 au
243 334 250 349 ’
388 374 592 437 canones
611 372 924 437 rmurrnnrrns.

150 547 209 614 Qui
221 542 405 622 turpiloquio,
419 552 593 622 rapacuquo
607 542 743 621 polluitur
754 542 918 621 negligens,
937 561 994 602 nee
1006 563 1076 604 vere
1088 563 1186 622 peccare

111 647 210 714 voluit,
225 644 420 722 poenitentiam
434 652 498 720 agat
520 642 582 701 dies
603 643 722 720 viginti:
746 643 772 701 si
792 660 860 701 vero
880 644 1101 720 impugnatione
1119 653 1188 704 tenta·

111 747 196 805 donis
209 753 238 802 et
250 744 431 822 cogitationis
444 742 618 816 inquinatur,
633 742 782 819 poenitebit
794 742 862 801 item
875 741 938 801 dies
952 743 1067 821 viginti.

149 845 334 917 Quicumque
345 842 521 903 lenocinium
536 842 706 909 exercuerit,
727 841 922 918 poenitentiam
943 854 1010 921 aget
1029 842 1189 902 aunosdnos

111 944 317 1022 perlegitimas
331 942 432 1003 serias:
454 942 521 1000 item
544 959 654 999 sacram
676 942 910 1001 communionem
931 960 991 1002 nou
1005 944 1134 1020 accipiet,
1146 941 1190 1000 nisi

111 1045 142 1103 in
154 1043 221 1102 lino.

153 1143 187 1201 Si
209 1161 273 1217 que
293 1141 394 1199 mulier
407 1139 532 1216 perusia,
554 1139 648 1197 aliove
661 1138 808 1215 pigmento
827 1157 858 1196 se
879 1139 993 1207 oblinit,
1013 1150 1047 1199 ut
1063 1141 1124 1199 aliis
1135 1140 1189 1198 viris

113 1243 234 1320 placcat,
249 1240 415 1318 poenitentia
428 1237 566 1296 afficietur
579 1255 718 1296 annorum
731 1237 827 1297 trium.

116 1523 252 1583 Oenones
263 1525 428 1600 spectantes
436 1525 562 1598 peccatu
571 1524 677 1578 contro
686 1518 848 1598 septimum
861 1515 1190 1599 Deculogiproeceptum.

154 1728 212 1796 Qui
225 1730 333 1787 furatus
347 1736 391 1784 est
404 1725 511 1800 aliquid
524 1724 702 1785 deecclesia
715 1725 897 1805 supellectili,
911 1726 958 1785 vel
971 1727 1116 1796 thesauro,
1129 1724 1191 1800 quod

114 1828 238 1896 sustulit,
251 1827 369 1894 reddet3
394 1835 422 1883 et
442 1836 498 1884 tres
511 1825 621 1884 carinas
642 1843 708 1883 cum
720 1834 832 1903 septem
845 1827 1036 1899 sequentibus
1050 1827 1132 1886 anuis
1143 1843 1191 1902 pe

114 1927 222 1988 nitebit.

154 2026 213 2094 Qui
226 2043 320 2083 sacras
333 2024 467 2096 reliquias
481 2023 587 2081 furatus
599 2033 653 2091 est,
666 2022 723 2082 illis
736 2023 881 2092 restitutis,
892 2025 1004 2084 carinas
1013 2025 1159 2104 jejunabit.

155 2125 313 2184 Pecuniam
326 2123 546 2181 eeclesiasticam
559 2122 678 2190 furatus,
692 2122 881 2198 quadruplum
893 2124 1003 2193 reddet,
1018 2126 1044 2183 si
1059 2124 1127 2198 quid
1138 2124 1192 2182 item

114 2223 150 2281 de
164 2223 321 2280 ministerio
334 2220 461 2279 ecclesia
481 2221 578 2294 aliquo
598 2221 685 2280 modo
699 2223 873 2298 surripuerit,
894 2223 1038 2301 poenitens
1052 2225 1106 2283 erit
1117 2240 1193 2283 annos

115 2331 236 2398 septem.
288 2318 451 2395 Sacrilegus
477 2338 571 2378 rerum
598 2320 856 2381 ecclesiasticarum
879 2323 1005 2392 invasor,
1032 2334 1091 2382 tres
1117 2340 1192 2382 annos

115 2418 317 2479 communione
332 2419 504 2495 privabitur:
527 2439 560 2478 ac
582 2430 718 2496 praterea
736 2421 800 2479 sino
819 2440 870 2480 esu
893 2423 989 2480 carnis
1014 2432 1043 2481 et
1066 2424 1194 2501 potatione

115 2520 174 2578 vini
187 2537 277 2592 usque
291 2517 326 2576 ad
340 2519 520 2594 septennium
534 2521 675 2596 poenitens
689 2521 875 2596 permanebit.

153 2619 212 2687 Qui
232 2618 383 2677 ecclesiam
404 2617 569 2686 incenderit,
591 2629 638 2676 aut
656 2619 794 2698 incendio⁸
810 2621 1001 2689 consenserit,
1029 2621 1196 2680 restitutione

114 2720 196 2786 lacta,
211 2719 405 2796 poenitentiam
419 2728 483 2795 aget
496 2737 584 2776 annos
598 2717 771 2790 quindecim.

155 2819 188 2876 Si
201 2819 266 2891 quis
288 2818 365 2875 malo
385 2817 490 2884 studio,
511 2817 557 2874 vel
577 2817 653 2884 odio,
677 2818 723 2875 vel
743 2816 916 2876 ulciscenda
930 2817 1043 2895 injurie
1057 2838 1151 2886 causa,
1163 2820 1198 2876 in·

115 2917 248 2976 cendium
262 2917 457 2983 commiserit3
479 2917 655 2974 committive
673 2917 802 2994 jusserit,
817 2927 864 2975 aut
876 2915 1055 2976 incendiario
1070 2920 1199 2977 auxilium

114 3017 161 3074 vel
174 3016 325 3075 eonsilium
339 3016 461 3073 scienter
474 3013 591 3083 dederit,
606 3017 884 3073 excommunicetur:
906 3027 1038 3076 mortuus
1051 3017 1197 3077 christiana

115 3116 260 3193 sepultura
272 3115 387 3173 carebit.
429 3115 459 3172 N
462 3133 495 3172 ec
509 3133 576 3173 vero
590 3115 760 3182 absolvetur,
783 3115 839 3173 nisi
852 3115 989 3175 damnum
1003 3135 1057 3194 pro
1070 3117 1198 3176 facultati·

113 3215 167 3272 bus
181 3214 358 3281 resarcierit3
375 3213 508 3290 juretque
529 3233 561 3271 se
585 3215 614 3271 in
635 3225 781 3290 posterum
801 3214 856 3271 tale
875 3215 987 3274 facinus
1001 3206 1147 3290 nunquam
1159 3213 1199 3272 ad·

115 3314 281 3371 missurum.

154 3410 187 3467 Si
201 3411 265 3482 quis
279 3409 441 3484 sepulcrum
456 3410 614 3480 violaverit,
630 3412 772 3490 prenitens
792 3413 847 3470 erit
868 3432 959 3471 anuos
979 3422 1104 3491 septem,
1119 3413 1200 3488 equi·

113 3511 165 3568 bns
180 3521 236 3567 tres
251 3508 279 3565 in
294 3525 366 3583 pane
379 3517 408 3564 et
421 3527 503 3581 aqua.

152 3609 211 3677 Qui
224 3607 388 3685 sepulcrum
403 3607 557 3685 infregerit,
572 3618 603 3667 ut
616 3609 742 3669 defuncti
756 3611 861 3688 sepulti
874 3611 1045 3670 vestimenta
1056 3612 1197 3677 furaretur,

113 3712 254 3789 penitens
267 3709 321 3767 erit
334 3726 424 3766 annos
439 3707 510 3767 duos
523 3727 575 3785 per
587 3710 728 3786 legitimas
742 3711 836 3769 ferias.

153 3812 211 3879 Qui
226 3809 261 3868 de
275 3809 477 3877 oblationibus,
501 3827 564 3881 quae
585 3809 712 3868 ecclesiis
733 3810 813 3868 factas
834 3818 910 3877 sunt,
925 3809 1035 3883 aliquid
1048 3810 1197 3874 retinuerit,

113 3913 254 3987 poenitens
269 3911 322 3968 erit
335 3909 397 3967 dies
412 3909 596 3986 quadraginta
609 3909 638 3966 in
652 3927 726 3985 pane
739 3919 768 3967 et
780 3928 863 3982 aqua.

152 4011 210 4079 Qui
237 4009 378 4068 decimam
404 4009 458 4067 eibi
481 4009 637 4075 retinuerit,
665 4018 712 4067 aut
731 4008 797 4067 dare
823 4010 993 4087 neglexerit,
1017 4007 1197 4086 quadruplum

112 4112 250 4176 restituet,
266 4119 295 4166 et
307 4109 502 4185 poenitentiam
516 4117 581 4186 aget
594 4107 655 4166 dies
668 4108 770 4185 viginti
783 4109 813 4167 in
827 4127 900 4185 pane
912 4118 941 4166 et
953 4127 1038 4182 aqua.

154 4208 212 4275 our
238 4207 389 4284 hospitalis
416 4189 517 4266 aomos
541 4207 750 4267 administrator
769 4207 876 4281 aliquid
901 4207 938 4266 re
964 4207 1195 4267 summanum

103 4306 293 4373 ¹subtraxerit,
307 4307 436 4363 restituet
448 4306 525 4379 quod
539 4307 662 4375 abstulit,
677 4309 874 4384 prenitensque
888 4308 942 4366 erit
954 4326 1046 4367 annos
1060 4316 1126 4366 tres.
1163 4332 1170 4343 ·
