2640 4860
259 372 316 433 DE
336 370 449 433 Loco
469 371 515 432 IN
536 371 624 440 QUO
644 370 942 435 CELEBRETUR.
1104 381 1161 437 1⁰5

504 882 646 946 CAPUT
672 885 727 947 Ill.

367 1100 406 1140 DE
427 1101 501 1142 Loco
521 1102 553 1143 IN
575 1104 633 1149 Qvo
653 1104 859 1145 CELEBRETUR·

107 1266 160 1322 87.
184 1262 254 1320 Non
268 1261 335 1319 licet
347 1261 470 1320 Missam
484 1262 624 1321 celebrare
638 1264 692 1322 nisi
708 1265 737 1322 in
750 1264 870 1323 ecclesia
883 1273 1056 1334 consecrata,
1070 1265 1115 1323 vel
1129 1266 1159 1323 in

64 1363 195 1420 oratorio
216 1360 344 1438 episcopi
365 1362 529 1419 auctoritate
550 1362 700 1421 benedicto
713 1361 737 1421 :¹
757 1373 878 1422 attamen
905 1364 1067 1442 indulgetur
1092 1365 1159 1423 mis·

66 1462 203 1518 sinnariis
217 1468 248 1518 ut
261 1478 442 1534 quocumque
456 1461 485 1518 in
498 1461 563 1518 loeo
577 1460 687 1520 decenti
707 1464 859 1533 eelebrent,
875 1465 903 1522 in
925 1464 1003 1521 altari
1016 1464 1157 1538 portatili:

67 1578 127 1631 qua
140 1559 270 1617 facultate
285 1561 325 1616 uti
345 1560 433 1618 vetuit
446 1560 601 1619 concilium
623 1561 830 1620 Baltimorense
851 1563 875 1622 I.
898 1562 957 1639 ‘fin
977 1562 1084 1621 aedibus
1104 1563 1160 1640 pri·

68 1658 154 1724 vatis,
169 1658 225 1716 nisi
248 1658 469 1727 iussionibus,
485 1671 514 1718 et
532 1661 561 1718 in
576 1661 610 1718 iis
625 1660 819 1734 aedibusqnas
903 1662 912 1677 ⁶
944 1661 973 1677 ''
1011 1660 1158 1740 designa·

65 1759 155 1824 verit;
170 1769 219 1815 aut
231 1755 309 1824 dum,
324 1766 397 1825 actu,
412 1759 557 1817 missionis
577 1760 731 1828 exercitiis,
743 1761 842 1835 procul
854 1760 891 1821 ab
946 1832 949 1837 Ι
992 1750 1156 1828 “ecclesia,

67 1855 137 1913 dant
162 1849 338 1933 opersm:”2
357 1869 530 1935 quapropter
552 1860 582 1916 in
603 1859 729 1926 urbibus,
753 1858 810 1939 (vel
833 1854 984 1938 opp'idisf)¹
997 1856 1028 1918 i'n
1054 1862 1173 1931 quibun-

67 1966 170 2013 erectae
185 1964 251 2013 sunt
263 1955 391 2013 ecclesiae
405 1976 439 2014 ea
452 1958 588 2016 nonlicet
601 1960 651 2016 uti.
692 1958 738 2017 Ad
753 1957 876 2016 dandum
890 1958 1025 2015 viaticum
1045 1940 1202 2039 infirm&

67 2074 131 2112 rure
142 2053 256 2130 degenti
269 2055 368 2130 procul
382 2055 416 2112 ab
430 2058 558 2126 ecclesia,
576 2058 679 2135 poterit
698 2057 850 2131 aliquando
864 2076 975 2115 sacrum
996 2056 1071 2133 apud
1092 2076 1158 2115 enm

68 2153 215 2222 celebrari,
231 2154 334 2211 sialias
349 2155 462 2213 adeum
477 2156 581 2215 deferri
599 2158 699 2230 nequit
709 2150 733 2215 :³
744 2157 794 2216 sed
810 2157 985 2215 consuetudo
999 2155 1159 2214 celebrandi

68 2253 142 2330 apud
158 2263 290 2330 aegrotos,
305 2253 351 2310 vel
361 2255 391 2312 in
405 2238 536 2313 domibus
550 2256 597 2314 ubi
612 2256 736 2317 defuncti
749 2266 793 2315 est
805 2256 933 2324 cadaver,
948 2257 995 2314 vel
1008 2256 1038 2313 in
1051 2256 1158 2314 aedibus

67 2353 149 2411 novis
163 2372 222 2411 non
243 2362 286 2410 est
305 2353 458 2428 probanda.
500 2354 586 2422 Quod
598 2355 833 2417 sisdecclesiam
855 2356 980 2415 difficilis
999 2356 1036 2412 sit
1056 2355 1158 2423 aditus,

67 2452 183 2510 hiemali
197 2453 355 2529 praesertim
377 2462 431 2512 tem
435 2472 514 2530 pore,
529 2446 663 2533 episcopi
672 2452 757 2515 'senta
770 2456 921 2528 quaerenda
934 2457 987 2513 erit
1007 2464 1158 2527 antequam

68 2551 198 2611 sacerdos
219 2553 249 2609 in
270 2550 355 2609 domo
375 2571 427 2610 sua
446 2554 493 2611 vel
519 2555 610 2614 aliena
628 2552 761 2623 celebret,
777 2573 839 2626 quae
860 2552 951 2611 danda
976 2553 1100 2610 vixerit
1121 2555 1158 2611 ob

70 2651 200 2709 sacrificii
213 2650 398 2709 reverentiam
410 2671 418 2718 3
433 2652 484 2711 sed
497 2654 522 2710 si
537 2652 602 2711 data
613 2651 708 2721 fuerit,
722 2651 876 2711 curandum
887 2653 958 2708 utin
971 2652 1035 2708 loco
1046 2649 1157 2708 decenti

71 2751 241 2809 celebretur:
266 2769 319 2808 nec
340 2752 418 2809 enim
438 2753 468 2810 in
488 2753 581 2810 viliori
602 2751 703 2811 domus
724 2762 813 2828 parte,
827 2769 880 2808 nee
902 2751 931 2806 in
952 2748 1094 2814 cubiculo,
1108 2749 1158 2807 ubi

70 2852 153 2924 aliqui
163 2850 288 2908 dormire
298 2860 516 2920 consueverunt,
528 2851 729 2910 celebrandurn
739 2861 783 2920 est
795 2851 962 2927 plerumque
974 2847 1155 2906 sacrificium.

72 2949 112 3008 Ob
126 2950 325 3008 necessitatem
339 2949 495 3019 celebratur
515 2970 591 3026 saepe
606 2951 636 3008 in
650 2951 778 3026 tuguriis,
795 2948 840 3006 vel
858 2948 930 3005 casis
951 2947 1155 3025 operariorum,

71 3050 112 3107 nbi
132 3050 214 3108 deest
231 3049 320 3106 loeus·
332 3038 536 3127 opportunior:
558 3049 608 3106 sed
634 3069 707 3117 raro,
721 3058 750 3107 et
769 3047 884 3106 nonnisi
904 3065 1007 3123 magna
1032 3044 1157 3104 adhibita

73 3149 184 3216 cautela,
197 3148 225 3206 id
240 3148 333 3206 faeere
347 3148 483 3218 decetne
497 3151 526 3208 in
540 3149 664 3207 dedecus
679 3166 822 3205 sacrorum
833 3147 1034 3222 mysteriorum
1048 3157 1155 3223 vergat.

75 3248 102 3304 Si
114 3249 208 3307 diruta
222 3249 259 3305 sit
272 3247 404 3314 ecclesia,
419 3251 486 3307 lieet
505 3257 585 3305 extra
597 3247 793 3316 celebrare,'et
805 3247 830 3304 si
850 3245 927 3304 nulla
939 3247 986 3314 sit,
1000 3246 1158 3304 celebratur

74 3344 251 3418 ubicumque,
267 3346 309 3404 uti
326 3347 356 3404 in
370 3350 480 3416 castris,
495 3347 540 3404 vel
554 3327 761 3405 litoremnris.⁴
782 3347 816 3405 In
830 3347 949 3404 navibus
961 3347 1101 3406 celebrare
1115 3359 1159 3404 est

74 3437 338 3520 prohbiitum‚⁵nisi
365 3465 401 3503 ex
426 3447 547 3524 speciali
574 3447 660 3522 Papae
687 3446 807 3514 indulto,
836 3465 893 3519 quo
913 3449 1029 3505 nonnisi
1055 3466 1159 3524 magna

75 3545 192 3604 adhibita
206 3546 315 3603 cautela
327 3547 368 3603 uti
383 3556 504 3623 oportet.

108 3649 155 3703 88.
177 3645 213 3704 In
235 3643 433 3704 haereticorum
448 3645 494 3705 vel
512 3645 759 3704 schismaticorum
782 3645 914 3703 ecclesiis
935 3645 1079 3702 celebrare
1099 3660 1158 3699 non

75 3741 150 3802 licere
163 3753 337 3802 censuerunt
349 3744 463 3818 quidam
476 3744 603 3821 theologi
616 3744 843 3822 congregationis
864 3742 1038 3819 particularis
1055 3739 1156 3796 habitae

74 3839 168 3910 Romae
187 3849 216 3903 7.
239 3845 314 3921 Maji
331 3848 404 3903 1631
420 3838 443 3901 :¹
456 3843 574 3903 indulsit
587 3853 681 3903 tamen
703 3845 840 3902 Clemens
861 3840 915 3899 XI.
930 3849 961 3896 ut
980 3840 1009 3896 in
1030 3835 1157 3895 eeclesiis

75 3942 270 4002 catholicorum
291 3943 401 4002 Rhetiae
422 3945 456 4002 ab
476 3943 615 4001 haereticis
636 3943 780 4020 occupatis
808 3938 981 3998 missionarii
1002 3934 1155 4008 aliquando

109 4166 149 4231 (l)
168 4164 230 4230 Cep.
242 4182 302 4216 xxx.
313 4167 343 4217 de
354 4183 460 4217 consecr.
668 4164 710 4229 (2)
730 4160 793 4210 Cen.
804 4160 873 4211 xxiii.

110 4250 149 4314 (8)
170 4249 249 4311 Cong.
258 4250 288 4299 de
299 4251 328 4299 P.
339 4251 369 4300 F.
379 4253 410 4301 14
421 4251 481 4302 Dec.
492 4252 565 4300 1668.
667 4248 709 4314 (4)
728 4244 827 4304 ibidem,
839 4247 873 4294 ts
884 4243 940 4294 Jan.
954 4245 1028 4295 1667.

111 4333 150 4400 (5)
169 4334 244 4400 Apud
255 4335 396 4400 Philippum
407 4336 437 4386 de
450 4335 610 4388 Carboneano
620 4332 647 4383 in
658 4348 713 4398 app.
720 4328 829 4381 Antoine
839 4328 873 4380 ds
880 4328 963 4381 Euch.
973 4330 997 4390 §-
1008 4327 1040 4379 iv.
1052 4327 1124 4395 Resp.
1136 4333 1156 4378 l.
