2640 4860
110 384 172 441 200
467 374 525 435 DE
546 372 846 435 sponsumve.

110 543 181 605 illud
192 544 250 603 alio
262 552 347 620 pacto
359 550 459 600 notum
472 541 544 601 t'ose.
585 538 731 599 esurum
751 538 824 599 adeo
844 556 933 616 grave
951 549 999 599 est
1020 558 1104 601 snam
1116 543 1193 601 mani·

110 642 212 703 tenure
225 640 383 709 infamiam,
406 640 454 698 vel
475 637 613 718 perpetud
632 639 774 698 abstinere
793 658 811 696 a
829 638 951 714 nuptiis,
964 647 998 698 ut
1009 639 1108 716 plures
1121 658 1196 699 excu-

109 752 173 800 sent
185 740 311 818 puellam
324 741 489 808 nubentem,
502 740 557 798 etsi
570 739 669 798 timeat
681 736 759 812 qnod
771 737 842 797 olim
855 737 882 795 ei
895 738 1058 816 contigerat
1070 739 1196 817 deinceps

109 841 212 899 marito
224 850 327 899 notum
341 833 491 898 futurum.¹

149 942 180 997 8.
201 938 292 998 Error
303 940 380 1009 circa
392 955 555 1015 personam,
576 935 624 993 vel
636 934 800 1010 qualitatem
815 953 878 1008 quas
891 935 924 994 in
936 953 1094 1012 personam
1106 935 1200 996 redun-

110 1037 169 1105 dat,
183 1040 242 1097 vim
254 1036 434 1114 sponsalibus
448 1035 529 1103 tollit,
543 1037 618 1094 sicut
627 1043 656 1094 et
668 1033 869 1094 matrimonio:
884 1043 1002 1111 oportet
1014 1035 1094 1095 enim
1106 1044 1138 1094 nt
1147 1035 1200 1095 duo

112 1138 292 1197 consentiant
312 1135 348 1195 ad
368 1135 538 1194 seinvicem
557 1133 755 1211 excipiendos,
769 1151 894 1207 quocum
909 1143 1011 1211 agaurr
1023 1144 1200 1213 perspectum

112 1235 258 1294 hebentes.
300 1234 387 1303 Quod
407 1235 432 1292 si
455 1233 524 1293 alter
538 1232 657 1293 alterum
677 1231 822 1310 deceperit
840 1232 871 1291 in
891 1232 1007 1307 iisque
1022 1233 1104 1293 dotes
1118 1253 1194 1309 quas·

112 1333 178 1394 dam
192 1344 221 1394 et
232 1332 384 1394 commoda
396 1334 561 1410 respiciunt,
582 1351 641 1391 non
659 1331 726 1392 ideo
745 1331 853 1392 tollitur
864 1333 909 1391 vis
923 1334 1097 1402 contractui,
1111 1353 1203 1408 quam·

113 1434 158 1492 vis
167 1435 216 1511 jus
229 1434 331 1493 habeat
348 1432 484 1509 deceptus
504 1431 650 1510 postulare
668 1433 732 1510 ejus
751 1431 964 1501 rescissionem,
980 1432 1089 1510 injuria
1102 1435 1202 1510 quippe

112 1533 141 1591 si
155 1532 229 1592 t'acta
240 1542 294 1591 est
334 1532 370 1592 In
389 1532 452 1591 foro
472 1531 654 1591 conscientie
675 1552 692 1590 a
710 1530 839 1608 pluribus
859 1530 980 1590 habetur
991 1532 1070 1592 liber
1082 1533 1119 1591 ab
1131 1532 1204 1592 omni

114 1630 293 1708 sponsalium
322 1631 446 1700 vinculo,
466 1633 552 1690 etiam
579 1630 686 1704 absque
712 1629 821 1708 judicis
841 1630 1032 1690 ecclesiastici
1058 1631 1201 1699 sententia,

114 1730 230 1801 quando
256 1750 334 1790 error
358 1749 429 1790 suus
448 1731 503 1790 suit
521 1730 704 1798 invincibilis,
729 1739 758 1788 et
777 1730 849 1789 alter
871 1729 969 1788 dolum
993 1730 1203 1790 adhibuit:ch

114 1827 140 1886 si
153 1829 253 1888 tertius
272 1829 399 1904 quidam,
420 1831 507 1890 altero
526 1830 612 1888 etiam
631 1830 790 1908 ignorante,
810 1846 879 1889 eum
898 1829 930 1887 in
950 1847 1079 1889 errorem
1099 1829 1203 1889 tradux·

114 1929 177 1987 erit.
280 1944 283 1949 ’

153 2031 182 2086 9.
204 2029 303 2087 Metus
328 2028 400 2087 levis
420 2047 480 2088 non
505 2028 600 2088 obstat
618 2026 797 2105 sponsalium
816 2026 925 2094 valoris
952 2025 1006 2084 sed
1030 2027 1080 2086 cui
1104 2028 1203 2106 injuris

114 2126 247 2184 incussus
260 2136 313 2193 est,
323 2127 373 2203 Jus
385 2125 471 2185 babet
482 2125 518 2184 ad
527 2144 628 2185 eornm
637 2126 841 2186 rescissionem
854 2123 1020 2202 petendam,
1035 2127 1204 2199 “quiscum

112 2232 205 2281 metas
219 2223 329 2282 dederit
340 2241 456 2283 causam
469 2224 635 2292 contractui,
649 2226 689 2284 ita
702 2234 734 2284 nt
745 2223 817 2282 aliis
830 2224 916 2282 initus
929 2241 989 2282 non
1002 2223 1118 2293 suisset,
1131 2225 1203 2283 ineu·

115 2320 189 2378 tiens
203 2329 311 2378 metum
324 2327 436 2377 tenetur
448 2327 624 2379 contractum
636 2317 850 2380 rescindere.”'
888 2320 988 2380 Mens
999 2323 1098 2400 gravis
1107 2324 1206 2401 injuste

112 2419 245 2477 incussus
260 2416 406 2494 sponsalia
418 2417 487 2476 facit
498 2417 595 2487 irrita3
616 2436 684 2479 nam
702 2419 817 2479 libertas
830 2417 931 2479 οαᾱοω
943 2419 1070 2498 exigitur
1082 2421 1115 2482 in
1126 2440 1206 2500 spon·

113 2519 194 2577 sione
208 2536 242 2575 ac
254 2516 284 2576 in
297 2515 478 2586 executione,
492 2525 521 2575 et
533 2518 747 2578 matrimonium
766 2536 804 2577 ex
824 2526 902 2577 metu
915 2517 1086 2595 hujusmodi
1098 2521 1206 2585 nullum

115 2626 167 2675 est.
210 2617 269 2684 Qui
283 2618 452 2695 propinquis
466 2617 569 2694 puelle
589 2618 648 2676 vim
662 2625 841 2691 mortemque
861 2617 1049 2688 minantibus,
1063 2621 1206 2696 sponsalia

115 2735 181 2775 cum
205 2734 238 2774 ea
264 2717 341 2784 facit,
364 2735 423 2777 non
447 2717 484 2774 iis
512 2726 632 2785 tenetur,
661 2735 751 2791 quum
771 2717 870 2777 mortis
890 2717 975 2776 mine
998 2717 1115 2796 injuste
1141 2720 1205 2789 sint,

113 2816 227 2874 etiamsi
253 2835 317 2875 earn
336 2816 495 2892 corruperit
513 2816 756 2876 consentientem:
778 2834 864 2874 secus
885 2816 912 2873 si
929 2816 1032 2878 minati
1059 2819 1117 2876 sint
1141 2837 1206 2879 eum

115 2933 210 2972 coram
224 2916 355 2974 tribunali
369 2914 514 2974 traducere
527 2914 720 2992 plectendum,
733 2924 778 2973 est
790 2915 866 2974 enim
879 2924 974 2974 metus
983 2916 1091 2992 justus.

157 3017 204 3071 10.
226 3014 245 3072 J
248 3033 296 3073 ure
310 3016 447 3073 canonico
460 3016 603 3092 septennii
622 3023 689 3073 setas
703 3013 741 3073 ad
758 3015 883 3074 valorem
896 3013 1076 3092 sponsalium
1088 3016 1207 3089 requiri·

115 3106 193 3170 turr⁸
212 3113 290 3186 quod
312 3122 451 3173 consonat
468 3114 528 3192 juri
550 3110 653 3173 civili.⁴
692 3114 739 3174 Ea
762 3122 841 3173 etate
855 3112 1009 3187 aliquando
1022 3113 1206 3175 fiunteorum

114 3212 230 3269 nomine
256 3231 273 3268 a
297 3214 470 3288 parentibus,
491 3232 614 3287 quorum
634 3215 765 3273 voluntas
786 3229 885 3274 eorum
907 3212 1037 3281 habetur,
1058 3212 1152 3274 donec
1172 3213 1206 3274 ad

113 3308 291 3384 pubertatem
316 3311 517 3386 pervenientes
537 3313 770 3374 contradixerint.
825 3310 906 3370 “Ex
931 3312 1118 3389 sponsalibus
1143 3331 1206 3386 que

113 3415 246 3481 parentes
268 3425 321 3482 pro
346 3407 414 3466 filiis
434 3407 598 3483 puberibus,
621 3412 669 3469 vel
688 3412 892 3489 impuberibus,
913 3410 1084 3486 plerumque
1098 3421 1206 3472 contra·

113 3504 195 3572 hunt,
215 3504 273 3581 ipsi
285 3504 349 3573 filii,
369 3507 395 3563 si
415 3523 551 3582 expresse
565 3512 774 3579 consenserint,
794 3511 841 3570 vel
861 3509 954 3579 tacite,
967 3517 1000 3567 ut
1011 3510 1038 3568 si
1050 3519 1206 3586 presentes

114 3604 229 3673 suerint,
243 3623 298 3664 nec
311 3604 542 3676 contradixerint,
557 3605 768 3685 obligantur.”⁶
808 3609 842 3669 Si
854 3607 1051 3667 contraxerint
1062 3620 1205 3687 parentes,

112 3703 181 3765 tiliis
195 3705 294 3766 insciis
315 3716 344 3765 et
357 3706 473 3786 ignaris,
496 3727 556 3768 non
570 3707 665 3767 valent
677 3707 832 3786 sponsalia,
846 3707 904 3767 nisi
915 3706 948 3766 hi
959 3715 1019 3767 rata
1031 3725 1068 3766 ca
1080 3708 1207 3769 habeant

115 3807 161 3864 vel
187 3808 280 3877 tacite,
310 3808 358 3868 vel
382 3825 528 3886 expresse.
571 3807 811 3868 “Filio-familias
842 3806 1040 3876 dissentiente,
1063 3809 1208 3886 sponsalia

113 3905 232 3967 nomine
253 3908 317 3985 ejus
338 3908 401 3967 fieri
421 3925 480 3967 non
503 3898 673 3985 possunt.”⁶
713 3907 764 3966 Sic
783 3914 813 3965 et
833 3905 900 3966 licet
920 3905 1021 3984 puberi
1042 3907 1206 3968 rescindere

148 4124 502 4189 (ussermannus.
737 4124 1001 4193 (s)1ursm‚nett.
1209 4183 1211 4186 Α

149 4207 192 4267 (3)
213 4204 243 4254 0.
255 4207 286 4256 iv.
298 4214 329 4256 et
341 4223 364 4255 v.
376 4206 635 4277 dedospousdmpssb.
737 4210 780 4276 (t)
800 4207 831 4257 L.
841 4209 891 4258 xiv.
903 4207 1153 4274 Desspomattbus.

149 4287 191 4351 (ὃ)
212 4287 363 4351 Cap.un.§.
374 4291 390 4341 i.
402 4291 444 4341 fin.
456 4292 485 4342 de
496 4293 563 4358 desp.
576 4295 668 4359 impub.
739 4295 782 4360 (6)
802 4292 862 4355 Leg.
876 4294 916 4345 13.
928 4290 1169 4361 §.demessum
