2640 4860
367 108 697 186 TRACTATUS
741 109 852 186 XIX.

405 382 467 480 nn
490 383 803 448 Pmnrunuurn.

462 645 767 657 *—

515 810 665 913 ciniis
678 852 702 911 1.

419 1066 458 1107 DE
478 1065 615 1109 MATERIA
633 1069 672 1109 ΕΤ
693 1068 801 1110 FORMA·
914 1074 917 1079 “

109 1233 134 1287 l.
156 1226 337 1287 Poenitentiae
362 1227 451 1286 virtus
472 1229 503 1287 in
532 1245 566 1287 ea
585 1230 674 1289 animi
696 1230 887 1310 dispositione
907 1231 1001 1308 posita
1020 1239 1073 1298 est,
1101 1246 1158 1304 qna
1224 1257 1237 1277 e
1291 1302 1300 1319 ’

59 1321 155 1386 ltomo
169 1327 205 1385 de
215 1334 337 1410 'peccato
350 1325 476 1386 admisso
489 1326 567 1387 dolet
578 1329 615 1387 ob
629 1329 725 1389 Deum
738 1331 892 1397 offensum,
906 1328 1033 1403 illudque
1047 1331 1078 1389 in
1091 1347 1158 1406 pos·
1270 1390 1273 1396 ,
1296 1380 1300 1389 .

56 1432 158 1485 terum
185 1426 273 1484 vitare
298 1427 443 1505 proponit,
471 1436 499 1484 et
517 1445 570 1503 pro
595 1429 704 1487 viribus
730 1429 899 1488 satisfacere.
941 1429 1157 1486 Sacramentum

58 1525 242 1602 poenitentiae
256 1527 381 1584 es'tritns
408 1545 425 1584 a
444 1523 563 1611 Christo
588 1527 744 1596 institutus,
764 1545 822 1601 quo
843 1536 961 1603 peccata
973 1536 1040 1602 post
1052 1526 1157 1601 baptis-

58 1640 147 1684 mum
161 1624 288 1682 admissa
300 1626 501 1702 penitentibus
514 1626 703 1697 remittuntur,
717 1625 872 1686 sacerdotis
882 1625 1051 1684 ministerio.
1073 1624 1159 1682 “Est

44 1746 47 1751 ·
61 1718 161 1782 antem
170 1725 227 1782 hoo
235 1733 441 1784 sacramentum
451 1725 625 1803 poenitentiae
635 1727 723 1804 lapsis
733 1737 800 1805 post
808 1725 982 1802 baptismum
993 1724 1028 1783 ad
1038 1724 1159 1783 salutem

63 1824 273 1890 necessarium,
294 1832 325 1882 ut
346 1823 474 1884 nondum
493 1827 668 1902 regeneratis
689 1827 751 1903 ipse
770 1819 979 1903 baptismus.”¹
1003 1812 1063 1882 ¹Ita
1074 1821 1160 1882 docet

61 1923 221 1982 concilium
235 1921 447 1983 Tridentinum.
491 1924 723 1983 “Necessarium
743 1924 819 1995 est,”
843 1925 936 1996 inquit
960 1923 992 1980 S.
1014 1922 1156 1989 Thomas,

68 2021 278 2081 “adsalutem
304 2024 462 2100 peccaton's
481 2024 558 2098 qnod
578 2033 727 2100 peccatum
752 2031 929 2083 removeatur
948 2023 981 2080 ab
1008 2040 1059 2082 eo:
1082 2021 1159 2095 quod

62 2120 182 2193 quidem
195 2139 254 2179 non
266 2130 361 2199 potest
379 2122 442 2180 fieri
454 2123 517 2182 sine
530 2124 703 2201 ponitentiae
717 2131 905 2194 sacramento,
917 2124 947 2183 in
955 2141 1013 2197 quo
1026 2131 1159 2201 operatur

63 2220 157 2280 virtus
182 2221 328 2297 passionis
355 2220 465 2280 Christi
490 2239 542 2299 per
567 2223 774 2284 absolutionem
800 2222 954 2283 sacerdotis
980 2223 1066 2283 simul
1092 2242 1158 2282 oum

64 2337 154 2395 opere
168 2321 343 2397 poenitentis,
364 2322 413 2394 qui
433 2330 602 2399 cooperatur
620 2323 715 2400 gratiae
735 2323 770 2382 ad
792 2323 1015 2385 destructionem
1038 2325 1156 2400 peccati.

71 2418 153 2479 Sicut
176 2421 255 2478 enim
276 2419 345 2479 dicit
357 2421 541 2498 ¹Augustinus
562 2440 649 2498 super
666 2422 827 2483 ioannem:
850 2424 926 2490 ‘Qui
939 2424 1044 2484 enavit
1056 2433 1083 2482 te
1097 2426 1160 2484 sine

75 2526 110 2585 te,
123 2537 183 2578 non
192 2519 361 2597 justificabit
372 2529 399 2578 te
412 2522 475 2580 sine
488 2521 536 2581 te.’
578 2520 751 2611 Undekpatet
763 2523 840 2598 quod
852 2531 1061 2583 sacramentum
1074 2529 1163 2601 poeni·

75 2619 165 2676 tentiae
179 2627 224 2677 est
236 2620 428 2680 necessarium
451 2620 486 2678 ad
505 2620 627 2681 amntem
646 2632 714 2700 post
732 2631 900 2700 peccatum:
921 2622 996 2680 sicut
1007 2620 1159 2682 medicatio

75 2717 238 2794 corporalis,
253 2727 405 2795 postquam
418 2720 505 2780 homo
518 2721 548 2780 in
561 2720 692 2781 morbum
705 2721 898 2799 periculosum
910 2713 1090 2779 inciderit.‘’²
1202 2786 1216 2801 ,-

113 2820 141 2873 2.
162 2817 284 2876 Materia
304 2818 392 2897 hujus
414 2821 583 2880 sacramenti
603 2821 696 2894 qualis
716 2821 747 2880 in
766 2819 907 2896 baptismo
926 2818 1006 2877 nulla
1027 2828 1087 2883 est3
1108 2788 1224 2925 sedss

86 2925 158 2974 actus
171 2918 335 2993 poenitentis
349 2919 411 2997 ejus
424 2920 563 2979 rationem
577 2919 714 2988 obtinent,
735 2927 764 2977 et
782 2917 864 2990 quasi
883 2917 997 2976 materia
1011 2918 1160 2990 habentur,

81 3020 106 3067 et
127 3024 218 3090 partes
239 3017 423 3095 poenitentiae,
441 3019 527 3096 juxta
546 3018 741 3078 definitionem
762 3014 978 3075 Tridentinam:
1009 3019 1071 3077 “Si
1094 3022 1158 3094 quis

114 3218 153 3284 (l)
171 3219 237 3271 Sess.
247 3222 296 3274 xiv.
308 3237 360 3289 cap.
372 3223 398 3274 ii.
629 3223 673 3290 (2)
692 3220 725 3272 iii.
737 3237 762 3287 p.
774 3235 815 3286 qu.
826 3219 920 3272 lxxxiv.
931 3227 974 3272 art.
985 3222 1017 3272 iv.
1052 3223 1126 3292 Reop.

1200 3340 1257 3471 ts
