2640 4860
478 378 620 439 CAPUT
641 378 823 440 UNIGUM.
1140 389 1200 445 275
1261 374 1266 383 ’

109 546 219 621 absque
238 545 331 604 civilis
353 544 500 623 regiminis
519 547 612 612 venia,
627 545 674 604 det
694 546 817 604 exeundi
837 547 1007 615 facultatem,
1020 549 1199 625 imploranda

109 647 163 704 erit
174 646 208 702 S.
224 644 309 703 Sedis
322 644 509 721 indulgentia,
517 657 549 702 ut
560 645 644 703 liceat
653 645 791 703 advenam
800 648 907 718 absque
916 645 1016 705 litteris
1024 648 1195 708 dimissoriis

109 743 252 803 ordinare.
294 743 352 809 Qui
378 761 415 801 ex
440 744 519 802 Statu
546 744 642 816 aliquo
668 745 698 801 in
723 744 841 803 alterum
863 747 1065 822 migraverunt,
1080 748 1197 807 easdem

108 843 216 902 litteras
237 841 343 901 debent
365 841 474 910 afferre,
488 850 519 900 ut
543 842 723 900 ordinentur:
746 842 823 915 quod
848 845 874 902 si
894 845 989 903 animo
1009 845 1147 905 redeundi
1167 849 1196 906 in

109 960 190 1001 suam
204 941 362 1010 dioecesim,
377 941 477 999 morati
487 942 544 999 sint
556 942 586 999 in
600 942 732 1018 collegio,
743 943 788 1000 vel
802 943 867 1001 alibi
881 943 1041 1001 studiorum
1050 945 1096 1002 vel
1109 964 1196 1022 nego·

109 1041 214 1100 tiorum
223 1059 318 1108 causa,
333 1050 454 1117 possunt
466 1038 568 1108 redire,
583 1059 673 1113 quum
693 1040 825 1100 manendi
848 1043 961 1100 animus
984 1044 1152 1116 requiratur,
1166 1054 1197 1103 ut

105 1142 155 1218 jus
170 1139 241 1198 illud
253 1131 410 1216 perfectum
422 1141 468 1198 sit.
510 1138 633 1205 Quando
646 1142 763 1217 integrm
774 1140 888 1199 familiae
898 1143 1030 1218 migrant,
1046 1151 1074 1200 et
1083 1144 1196 1201 animus

109 1239 246 1298 manendi
257 1238 359 1311 liquet,
370 1257 428 1297 uon
443 1239 508 1296 ideo
520 1239 607 1297 licere
616 1238 754 1297 *videtura
766 1241 974 1299 constitutionis
987 1240 1197 1301 Innocentianae

109 1357 197 1415 supra
209 1337 329 1403 laudatae
344 1339 471 1398 terminis
484 1338 632 1396 recedere:
647 1338 755 1397 idcirco
767 1339 866 1397 litterae
880 1339 1050 1403 dimissoria
1061 1349 1197 1417 expeten-

110 1438 155 1496 dae
169 1446 261 1495 erunt.
301 1438 371 1496 Non
384 1437 489 1496 sufficit
501 1447 672 1515 presumpta
685 1438 825 1497 ordinarii
833 1438 956 1508 licentia,
969 1449 999 1498 et
1009 1458 1077 1518 spes
1097 1439 1199 1498 ratiha-

108 1537 237 1604 bitionis,
264 1536 316 1594 sed
341 1555 478 1613 expressa
502 1536 616 1594 licentia
641 1536 814 1610 requiritur.¹
855 1538 974 1605 Quoties
1000 1540 1065 1613 quis
1091 1541 1198 1597 ratione

109 1635 249 1694 domicilii
257 1635 431 1695 ordinandus
439 1645 492 1702 est,
500 1634 583 1711 debet
591 1638 755 1713 juramento
763 1638 881 1712 probare
891 1656 921 1694 se
931 1637 1000 1696 illud
1011 1640 1196 1697 contraxisse:

110 1733 196 1792 debet
208 1737 293 1793 etiam
307 1734 407 1793 afferre
416 1735 521 1793 litteras
532 1735 737 1793 testimoniales
744 1736 872 1811 episcopi
885 1737 1004 1813 originis
1014 1735 1049 1794 de
1058 1738 1198 1796 natalibus

110 1853 144 1890 ac
157 1842 249 1902 aetate,
263 1834 374 1892 etiamsi
388 1835 417 1892 in
431 1844 510 1891 aetate
524 1834 644 1892 infantili
659 1835 694 1890 ab
708 1833 783 1892 illius
797 1833 915 1892 dioeccsi
928 1835 1100 1895 discesserit.
1136 1836 1194 1903 Qui

109 1949 162 2008 per
172 1933 324 1991 triennium
339 1932 414 2009 apud
427 1934 597 2009 episcopum
610 1942 735 1990 moratus
750 1941 802 2001 est,
816 1935 889 1991 inter
902 1933 1054 1992 familiares
1065 1935 1198 2006 adscitus,

109 2039 206 2107 potest
218 2031 253 2088 ab
274 2049 310 2089 eo
323 2031 457 2099 ordinari,
472 2031 629 2091 dummodo
651 2030 823 2091 beneficium
844 2032 871 2090 ei
897 2034 991 2091 statim
1013 2023 1199 2101 conferatur,²

111 2129 224 2188 scilicet
235 2132 307 2189 iutra
320 2124 476 2189 mensem.³
509 2139 528 2166 ‘⁶
538 2132 569 2190 N
571 2131 667 2189 omine
680 2141 773 2188 autem
783 2128 996 2211 familiarium
1006 2132 1200 2208 intelliguntur

111 2246 226 2297 omnes,
238 2231 287 2302 qui
301 2231 437 2307 episcopo
450 2229 630 2298 famulantur,
645 2239 674 2287 et
685 2230 782 2288 vivunt
795 2232 858 2308 ejus
872 2231 1019 2307 expensis,
1030 2231 1083 2289 etsi
1096 2232 1125 2289 in
1138 2233 1201 2310 ejus

112 2327 221 2386 aedibus
241 2346 297 2386 nou
318 2327 451 2396 habitent,
466 2327 553 2387 modo
575 2328 679 2406 degant
702 2330 732 2386 in
757 2329 832 2397 loco,
847 2331 895 2388 ubi
916 2340 959 2388 est
977 2331 1142 2408 episcopus,
1157 2332 1203 2389 vel

112 2424 255 2503 prope-„⁴

155 2529 203 2582 16.
220 2525 308 2583 Poena
315 2524 470 2584 ordinantis
481 2526 589 2584 alienos
600 2536 644 2584 est
652 2526 805 2600 suspensio
816 2527 850 2583 ab
861 2527 993 2585 ordinum
1005 2529 1156 2586 collatione
1167 2526 1201 2584 ad

111 2642 220 2682 annum
232 2644 240 2692 ;
254 2631 282 2681 et
294 2623 439 2682 ordinatus
452 2625 634 2702 suspenditur
640 2626 677 2683 ab
689 2623 796 2682 ordinis
811 2626 936 2700 suscepti
948 2626 1095 2693 exercitio,
1109 2625 1201 2683 donec

112 2722 266 2781 Ordinario
279 2740 332 2779 suo
346 2717 500 2781 videatur.⁵

155 2826 204 2881 17.
226 2821 355 2880 Licentia
380 2821 493 2880 ordines
520 2820 696 2899 suscipiendi
717 2839 786 2879 voce
812 2820 876 2878 data
900 2821 1014 2888 sufficit,
1029 2831 1201 2898 quapropter

112 2920 268 2996 episcopus
290 2918 348 2978 tunt
363 2921 472 2979 ordinat
491 2940 557 2978 eum
571 2940 655 2995 quem
669 2931 746 2978 certo
760 2921 923 2978 testimonio
936 2921 1017 2978 novit
1029 2939 1046 2977 a
1062 2939 1114 2979 suo
1127 2922 1201 2997 epis-

114 3038 192 3096 copo
207 3010 474 3078 adseremissum.⁶
539 3063 541 3067 ,

156 3122 205 3176 18.
226 3118 355 3177 Licentia
375 3118 440 3176 data
459 3119 544 3177 alicui
564 3117 678 3177 ordines
702 3117 878 3194 suscipiendi
899 3119 933 3175 ab
954 3073 1091 3194 episcopo
1105 3118 1199 3177 alieno

112 3235 171 3276 non
185 3219 297 3293 expirat
309 3227 399 3275 morte
412 3218 606 3286 concedentis,
622 3227 665 3276 est
678 3218 755 3274 enim
769 3213 884 3294 gratia.⁷

155 3320 203 3374 19.
225 3317 390 3392 Episcopus
423 3316 614 3387 confirmatus,
643 3318 773 3389 quamvis
798 3336 857 3375 non
890 3327 1082 3384 consecratus,
1110 3326 1203 3394 potest

111 3415 220 3473 litteras
241 3415 417 3491 dimissorias
430 3415 597 3484 concedere,
611 3425 677 3474 sunt
697 3417 775 3475 enim
789 3427 867 3474 actus
884 3415 1102 3495 jurisdictionis.
1144 3416 1201 3476 Cui

113 3516 206 3574 ablata
219 3525 263 3572 est
283 3514 446 3591 jurisdictio
459 3516 558 3588 nequit
577 3534 624 3573 eas
647 3515 813 3574 concedere.
855 3516 934 3575 Hinc
957 3517 1072 3590 quando
1092 3527 1203 3575 constat

114 3616 285 3691 episcopum
307 3631 372 3673 esse
393 3616 680 3682 excommunicatum,
695 3615 740 3673 vel
760 3635 943 3692 suspensum,
965 3615 1031 3673 licet
1051 3615 1166 3724 ordines
1187 3634 1204 3672 a

113 3714 245 3773 viciniori
259 3713 397 3790 episcopo
410 3706 585 3790 suscipere⁸

151 3818 201 3871 20.
223 3812 389 3889 Episcopus
402 3821 482 3870 extra
492 3831 571 3870 suam
592 3810 738 3870 dioecesim
753 3828 878 3878 versans,
893 3819 987 3885 potest
1005 3810 1066 3865 suis
1080 3764 1200 3867 suliditis

164 3981 192 4043 1)
211 3978 290 4027 Gonc.
301 3977 369 4028 Trid.
381 3978 482 4027 Sess'
458 3994 507 4028 xiv.
518 3994 571 4042 cap.
582 3978 607 4027 ii.
619 3977 649 4026 de
657 3976 710 4026 Ref.

164 4066 194 4130 2)
214 4062 315 4121 Ibidem,
326 4063 463 4112 83333311.
474 4078 527 4127 cap.
538 4062 572 4112 ix.
584 4062 614 4111 de
625 4060 678 4110 Ref.
798 4060 840 4124 (3)
860 4054 946 4106 Const.
960 4055 1135 4120 Smculatores.

165 4150 195 4216 4)
215 4148 243 4199 S.
256 4148 331 4213 Alph.
343 4149 360 4198 1.
370 4148 403 4199 vi.
414 4164 440 4198 n.
452 4151 510 4198 780.
644 4148 687 4212 (5)
707 4142 865 4207 Concurrit.
876 4140 1020 4192 Sessxxiir.
1031 4141 1096 4192 cviii.
1108 4141 1138 4191 de
1150 4142 1202 4192 Res.

166 4235 195 4301 6)
216 4232 243 4281 S.
255 4233 331 4298 Alph.
343 4234 359 4283 1.
370 4235 403 4285 vi.
414 4250 439 4284 n.
449 4237 507 4284 788.
644 4232 687 4298 (7)
705 4228 736 4279 G.
749 4229 828 4292 Super
838 4227 922 4289 gratim
930 4227 961 4276 de
972 4225 1035 4277 offic.
1046 4226 1122 4292 deleg.
1134 4228 1160 4278 in
1169 4230 1204 4296 6„

647 4316 690 4382 (8)
710 4315 740 4363 C.
755 4312 905 4376 iidetemp.
917 4311 1040 4363 ordino.
1113 4341 1117 4350 ι

148 3980 160 4044 (

151 4065 162 4129 (

151 4150 163 4214 (

152 4237 163 4299 (
