2640 4860
385 381 442 441 DE
462 378 648 441 DOTIBUS
668 380 875 441 MINISTRI.
1136 385 1172 440 15

77 566 132 626 per
146 549 266 628 gratiam
281 548 413 626 proxime
432 548 577 617 ordinatae,
591 566 685 622 neque
699 550 729 608 in
743 549 785 608 eis
799 567 832 607 se
846 548 979 608 exhibeat
995 549 1128 610 sacerdos
1142 559 1174 610 ut

78 650 214 708 minister
223 648 280 707 Dei
295 648 496 707 sanctificantis
511 649 646 718 animam,
658 667 717 708 non
731 656 775 706 est
787 657 844 709 tam
856 650 949 726 gravis
959 668 1046 708 causa
1058 659 1087 708 et
1099 650 1172 710 ratio

78 748 217 825 exigendi
231 748 372 806 internam
386 748 487 815 anima
501 747 676 806 sanctitatem
692 747 787 806 adeas
801 748 984 807 exercendas.
1013 748 1093 825 Ergo
1107 749 1171 808 illas

79 848 113 904 in
126 856 246 925 peceato
259 846 371 904 efficere
386 865 423 905 ex
437 854 515 923 parte
530 847 666 916 materia,
682 865 740 905 non
753 846 863 905 videtur
876 865 940 905 esse
954 865 1038 924 grave
1059 848 1171 907 saerile-

80 942 214 1022 gium.”¹
242 945 301 1012 Qui
315 964 331 1002 e
346 955 421 1004 terra
433 946 524 1002 elevat
535 946 747 1015 eucharistiam,
760 945 842 1005 sacile
856 956 1009 1006 excusatur
1022 948 1059 1005 ob
1073 966 1171 1006 neces·

79 1044 211 1104 sitalem:
234 1045 319 1103 etiam
333 1045 434 1113 laicus,
448 1044 473 1102 si
487 1043 619 1103 sacerdos
634 1053 739 1123 praesto
748 1064 807 1104 non
817 1037 881 1104 sit.²
913 1044 980 1104 Hoc
994 1046 1085 1105 innixi
1095 1048 1171 1125 prin·

79 1145 158 1220 cipio
173 1144 280 1220 plures,
295 1144 358 1202 aliis
372 1143 640 1228 contradicentibus,
655 1144 792 1204 diaconos
807 1153 836 1203 et
848 1144 1039 1204 subdiaconos
1053 1145 1083 1202 iu
1097 1164 1171 1205 mor·

80 1242 130 1300 tali
145 1242 312 1302 solemniter
331 1244 522 1301 ministrantes
542 1243 683 1303 habenta
702 1263 779 1303 novo
798 1251 876 1302 reatu
898 1245 978 1322 gravi
997 1253 1169 1302 excusatosz

79 1344 150 1401 item
177 1343 346 1418 episcopum
374 1350 588 1400 consecrantem
615 1343 764 1420 templum,
798 1343 1014 1403 benedicentem
1042 1344 1168 1402 vestibus

78 1441 179 1509 sacris,
202 1450 251 1499 aut
277 1441 481 1517 corporalibus,
506 1450 535 1498 et
561 1442 737 1502 sacerdotem
765 1442 949 1502 adsistentem
975 1443 1168 1511 matrimonio,

77 1539 296 1599 benedicentem
311 1541 463 1609 cineribus,
479 1559 559 1613 aquae
572 1541 691 1611 lustrali,
707 1543 826 1616 aliisque
840 1542 1025 1622 hujusmodi:
1042 1541 1119 1617 quod
1133 1541 1168 1599 de

76 1640 223 1716 plerisque
237 1638 404 1718 hujusmodi
417 1641 525 1698 actibus
541 1641 616 1700 haud
630 1660 704 1718 aegre
719 1641 913 1700 concedimus.

118 1742 167 1798 29.
190 1739 433 1798 concionatorem
453 1741 562 1815 peccati
583 1739 646 1798 labe
670 1740 778 1798 secreti>
798 1740 935 1807 infectum
950 1743 1045 1819 plures
1060 1760 1076 1799 a
1089 1760 1166 1800 novo

75 1848 197 1916 peccato
210 1839 316 1898 habent
327 1840 496 1906 immunem,
516 1838 584 1897 licet
597 1840 759 1897 concionari
773 1848 879 1915 pergat,
899 1842 1049 1899 nonenim
1063 1858 1166 1897 munus

75 1937 149 1996 adeo
170 1957 273 2015 perse
297 1947 425 1996 sanctum
446 1949 500 2007 est,
522 1938 593 1999 alios
614 1937 649 1996 ad
670 1939 801 1997 virtutem
815 1938 929 2006 hortari,
943 1947 974 1994 nt
988 1947 1167 2015 peccatorem

73 2040 195 2096 omnino
209 2036 353 2096 dedeceat.
396 2036 541 2096 Gaetemm
562 2040 586 2096 si
607 2038 670 2115 ejus
684 2040 864 2096 innotescant
877 2038 952 2105 vitia,
967 2051 996 2095 et
1008 2037 1167 2115 praesertim

71 2138 100 2195 si
115 2138 144 2196 in
158 2157 193 2197 eo
207 2155 311 2215 genere
325 2146 434 2214 peccet,
448 2138 478 2196 in
491 2137 568 2211 quod
582 2138 734 2205 invehitur,
754 2136 826 2196 adeo
839 2143 870 2194 ut
882 2135 990 2207 ludere,
1011 2147 1040 2194 et
1052 2136 1168 2195 irridere

72 2235 214 2306 videatur,
240 2235 316 2294 haud
341 2237 424 2295 facile
450 2257 467 2293 a
492 2238 662 2314 gravissimo
695 2245 812 2314 peccato
838 2236 965 2295 scandali
990 2233 1168 2296 excusatur.³

72 2337 217 2395 Audiatur
236 2337 367 2395 Psaltes:
390 2337 569 2396 “Peccatori
582 2330 676 2395 autern
691 2336 763 2395 dixit
775 2336 876 2394 Deus:
899 2336 995 2403 Quare
1009 2346 1038 2394 tu
1052 2355 1167 2396 enarras

67 2438 197 2514 justitias
212 2454 303 2505 meas,
326 2446 354 2493 et
373 2438 496 2495 assumis
517 2445 716 2495 testamentum
729 2455 832 2496 meum
852 2455 903 2513 per
923 2455 955 2494 os
975 2436 1077 2494 tunm?
1119 2437 1167 2494 Tu

70 2535 141 2594 verb
163 2535 250 2594 odisti
270 2535 461 2612 disciplinam,
484 2544 513 2592 et
534 2528 679 2613 projecisti
700 2554 847 2595 sermones
869 2554 949 2593 meos
963 2531 1169 2593 retrorsum.''⁴

70 2635 208 2712 Apostoli
218 2652 332 2708 quoque
345 2636 430 2692 verba
445 2635 472 2691 ei
485 2636 672 2693 conveniunt:
695 2634 785 2701 “Qui
798 2652 866 2710 ergo
880 2633 966 2692 alium
980 2632 1076 2700 doces,
1097 2633 1168 2709 teip-

70 2747 137 2794 su'm
151 2753 212 2793 non
229 2726 334 2792 doces:
357 2735 405 2805 qui
418 2733 556 2810 praedicas
569 2753 627 2792 non
640 2734 802 2801 furandum,
816 2733 918 2791 furaris
930 2751 937 2791 ι
959 2733 1009 2804 qui
1023 2731 1095 2790 dicis
1109 2749 1168 2791 nou

72 2832 280 2893 moechandum
293 2827 494 2891 moeolraris.”⁵

116 2938 165 2992 30.
187 2933 355 3009 Episcopus
375 2939 493 3010 peccato
515 2932 691 3005 inquinatus,
712 2910 886 2988 benedicens
907 2947 989 2988 sacro
1011 2928 1166 2996 chrismati,

74 3033 123 3090 vel
148 3032 212 3090 oleo
232 3032 422 3100 infirmorum,
449 3029 560 3090 videtur
584 3030 729 3089 nonnullis
750 3048 855 3088 novam
874 3026 969 3086 labem
989 3027 1166 3095 contrahere,

75 3151 165 3204 quum
178 3142 260 3208 paret
272 3132 417 3189 materiam
431 3130 632 3189 sacramentis:
654 3129 704 3187 sed
719 3130 753 3188 ab
768 3129 830 3187 aliis
844 3137 1007 3197 excusatur,
1019 3146 1076 3186 non
1089 3125 1167 3187 enim

76 3232 134 3289 nisi
153 3239 264 3289 remote
284 3229 319 3288 ad
339 3232 436 3306 gratia
451 3230 632 3289 collationem
653 3230 805 3288 concurrit.
848 3227 1029 3286 celebrando
1042 3229 1166 3286 Missam

76 3349 111 3388 ea
130 3331 282 3388 occasione
302 3329 387 3406 plane
407 3339 517 3407 peccat,
538 3331 575 3387 ob
595 3330 741 3408 indignam
765 3331 893 3406 corporis
914 3327 1034 3387 Domini
1054 3326 1167 3385 consec·

77 3431 185 3488 tionem
209 3439 237 3487 et
257 3431 480 3508 susceptionem.
522 3428 568 3486 De
591 3430 725 3489 omuibus
746 3430 833 3487 sacris
853 3429 1020 3487 muneribus
1042 3426 1111 3484 dicit
1133 3426 1165 3483 S.

77 3529 228 3589 Thomas:
251 3528 466 3603 “Quicumque
480 3537 572 3586 autem
587 3548 653 3587 cnm
668 3537 785 3605 peccato
798 3529 912 3586 mortali
925 3525 1041 3601 aliquod
1053 3543 1166 3584 sacmm

77 3627 205 3689 officium
219 3636 379 3706 pertractat,
394 3648 454 3688 non
467 3635 512 3685 est
524 3628 643 3688 dubium
663 3630 733 3702 quin
752 3626 822 3687 illud
836 3627 954 3704 indigne
966 3627 1070 3685 faciat:
1090 3624 1167 3684 unde

78 3736 155 3805 patet
167 3727 244 3802 quod
256 3736 356 3804 peccat
368 3717 571 3787 mortaliter.”⁶

114 3931 156 3997 (l)
173 3928 204 3978 In
215 3928 250 3978 iii.
260 3945 285 3993 p.
295 3929 328 3979 D.
338 3932 388 3979 xvi.
400 3933 424 3990 §.
434 3929 468 3980 iii.
479 3946 503 3978 v.
514 3931 597 3997 Atque
604 3927 670 3979 tino.

112 4015 155 4081 (2)
175 4011 344 4063 Busembaum
356 4015 421 4079 apud
431 4014 458 4063 S.
469 4014 544 4080 Alph.
556 4015 572 4064 l
584 4014 615 4063 ri.
626 4030 652 4064 n.
665 4015 706 4062 ³0.

111 4100 155 4165 (3)
174 4098 202 4146 8.
212 4098 289 4162 Alph.
300 4099 316 4148 1.
328 4099 360 4149 vi.
371 4116 396 4150 n.
407 4103 449 4150 41.
554 4101 596 4167 (4)
616 4099 658 4148 Ps.
668 4098 729 4147 xlix.
742 4099 782 4145 la.

112 4183 156 4248 (5)
176 4183 283 4236 Romii.
295 4186 336 4233 21.
551 4186 594 4252 (6)
613 4182 683 4234 Iniv.
695 4179 827 4232 distxxir.
838 4177 987 4244 q.iortiii
1000 4194 1023 4243 q.
1034 4177 1134 4228 aad&
