2640 4860
312 366 369 426 DE
390 365 709 426 lMPEDIMENTIS
729 367 1003 428 MATRIMONII.
1143 378 1199 431 341
1245 322 1251 333 Ι

109 514 292 600 contraxerit,
310 535 404 592 sciens
428 534 507 610 prius
531 534 685 602 vinculum,
708 543 736 593 et
755 544 836 592 antea
857 535 904 593 vel
924 534 1058 612 deinceps
1081 538 1196 596 coierit:
1233 604 1237 611 ,

109 631 186 704 qnod
199 632 225 688 si
239 632 370 689 alteruter
382 632 517 708 deceptus
531 633 577 700 sit,
593 652 645 691 nec
661 643 726 710 post
746 644 848 692 certam
863 634 992 695 notitiam
1014 636 1116 712 prioris
1131 656 1198 697 con·

106 731 192 809 jugii,
207 730 315 796 coierit,
336 749 394 788 non
414 731 533 788 obstabit
553 731 627 789 rnala
646 733 759 791 alterius
779 732 860 800 fides,
876 733 943 806 quin
964 735 1085 811 conjuge
1106 737 1200 812 priore

108 838 220 886 mortua
239 829 373 905 legitimae
394 831 571 887 celebrentur
591 831 663 888 inter
682 850 730 889 eas
751 834 857 908 nuptiae
869 826 892 888 :¹
908 850 992 890 secus
1006 833 1031 889 si
1052 844 1118 909 post
1137 854 1200 894 eam

110 928 240 985 notitiam
255 945 319 985 cum
331 946 365 986 eo
379 922 584 987 consueverit.2

152 1029 220 1083 161.
242 1024 419 1084 Adulterium
434 1027 539 1099 absque
554 1027 746 1103 promissione
767 1028 940 1086 matrimonii
961 1028 1079 1104 impedit
1092 1047 1128 1116 qe
1142 1049 1200 1088 ma-

111 1123 277 1182 trimonium
290 1122 425 1201 deinceps
440 1125 559 1192 ineatur,
571 1126 596 1182 si
609 1125 750 1194 alteruter,
766 1128 850 1184 etiam
864 1126 952 1185 altero
966 1128 1122 1204 ignorante,
1137 1140 1201 1204 post

112 1220 280 1280 adulterium
302 1221 408 1280 caedem
433 1224 563 1301 conjugis
584 1234 675 1300 patret
694 1225 789 1284 animo
810 1224 964 1284 adulteram
984 1221 1131 1295 ducendi,³
1151 1246 1202 1303 per

112 1320 219 1378 indicia
239 1321 318 1378 alteri
344 1321 532 1379 manifestato.
587 1321 766 1382 Adulterium
794 1333 885 1382 autem
913 1343 970 1384 non
996 1333 1126 1382 censetur
1145 1326 1201 1383 nisi

110 1420 232 1478 seminis
252 1419 392 1479 effusione
414 1421 484 1478 intra
499 1439 548 1477 vas
563 1421 629 1478 sacti
643 1422 700 1479 sint
712 1441 768 1480 una
781 1406 865 1480 caro:
888 1424 946 1482 imo
960 1425 1074 1482 feminae
1088 1424 1161 1481 sicut
1173 1433 1202 1482 et

111 1519 199 1576 maris
219 1520 380 1586 seminatio,
390 1521 475 1596 juxta
494 1519 647 1577 nonnullos
665 1516 851 1593 requiriturt⁴
877 1521 906 1578 in
927 1524 1018 1598 poenis
1038 1522 1147 1580 scilicet
1160 1524 1201 1580 in·

112 1619 276 1693 terpretatio
296 1618 392 1675 stricta
404 1618 445 1675 fit.
489 1617 573 1676 Ratio
588 1637 644 1691 qua
658 1620 754 1676 nititur
766 1619 812 1676 lex
826 1619 1060 1695 impedimentum
1074 1630 1199 1679 statuens

111 1727 156 1773 est
169 1735 205 1774 ne
219 1717 350 1794 conjugis
364 1717 564 1775 interficienda
579 1716 659 1774 detur
672 1719 794 1785 occasio,
810 1730 981 1794 quapropter
991 1717 1157 1778 adulterium
1172 1730 1200 1777 et

110 1817 265 1891 promissio
287 1816 340 1873 sub
363 1815 464 1874 eodem
488 1817 668 1873 matrimonio
690 1816 776 1875 simul
795 1834 962 1875 concurrere
983 1816 1105 1875 debent:
1128 1829 1156 1875 et
1175 1820 1200 1876 si

108 1915 259 1972 omninoa
278 1932 309 1970 se
329 1915 452 1972 invicem
474 1916 669 1992 sejungantur,
684 1916 918 1992 impedimentum
939 1934 996 1973 nou
1017 1915 1105 1973 adest.
1148 1917 1198 1974 Sic

109 2013 159 2086 qui
172 2012 277 2089 polluit
295 2012 428 2071 seminam
443 2032 534 2072 uxore
548 2016 670 2080 vivente,
685 2033 740 2087 qua
754 2023 864 2073 mortua
877 2013 960 2071 aliam
981 2014 1072 2082 duxit,
1086 2014 1200 2091 pollutae

111 2121 217 2180 tamen,
238 2110 306 2168 dnm
326 2111 452 2170 secunda
472 2114 588 2179 viveret,
607 2114 738 2188 promisit
758 2113 979 2181 matrimonium,
994 2113 1019 2170 si
1038 2131 1100 2170 eam
1121 2114 1200 2171 obire

109 2211 270 2287 contigerit,
285 2211 387 2285 poterit
399 2229 461 2269 earn
477 2221 541 2287 post
554 2212 685 2269 secundae
700 2212 831 2290 conjugis
853 2220 971 2270 mortem
986 2212 1099 2270 ducere.
1142 2212 1200 2278 Qui

110 2310 250 2384 promittit
275 2307 349 2366 serid
376 2309 489 2367 leminae
510 2311 732 2379 matrimonium,
754 2311 875 2388 conjuge
901 2311 1024 2378 vivente,
1046 2321 1144 2388 peccat
1162 2310 1202 2368 le·

108 2407 231 2476 thaliter,
246 2407 313 2479 quia
327 2426 389 2467 eam
405 2426 492 2480 seque
507 2409 622 2485 conjicit
635 2410 664 2466 in
686 2413 849 2485 proximum
870 2409 1006 2485 peccandi
1026 2410 1198 2468 discrimen:

109 2506 160 2563 sed
175 2525 233 2565 non
247 2508 388 2565 contrahit
400 2506 644 2583 impedimentum,
659 2507 684 2564 si
696 2508 798 2583 copula
813 2525 868 2565 non
883 2489 1081 2566 intercesserit.

152 2608 221 2662 162.
243 2601 420 2683 Disperitas
441 2604 539 2663 cultus
560 2605 794 2682 impedimentum
816 2614 859 2662 est
879 2603 955 2678 quod
969 2605 1042 2663 inter
1053 2605 1202 2662 hominem

109 2704 285 2779 baptizatum
299 2713 328 2761 et
341 2723 398 2763 non
412 2705 584 2780 baptizatum
598 2705 763 2772 intercedit;
784 2703 884 2777 nequit
896 2704 973 2760 enirn
988 2704 1200 2761 matrimonium

109 2804 246 2860 intereos
260 2803 425 2872 consistere,
440 2803 496 2861 nisi
512 2802 655 2871 Ecclesia,
670 2823 732 2876 quae
746 2802 815 2861 illud
828 2802 924 2869 vetnit,
935 2803 1048 2859 veniam
1059 2800 1202 2879 indulgeat

109 2900 306 2959 contrahendi.
348 2903 393 2961 Ab
413 2902 494 2960 initio
514 2902 600 2960 vetita
622 2911 688 2960 sunt
707 2900 871 2979 hujusmodi
892 2901 1025 2977 conjugia
1038 2901 1074 2958 ob
1089 2918 1201 2976 perver-

110 3001 201 3058 sionis
222 3001 391 3075 pericnlum,
412 3001 522 3059 dicente
543 3001 700 3077 Apostolo:
732 3000 860 3058 “Nolite
879 3000 983 3075 jugum
1008 2998 1112 3056 ducere
1135 3017 1202 3056 cum

110 3098 220 3157 infideli
229 3090 277 3155 :'’⁵
289 3099 424 3188 sedlirrita
433 3118 490 3158 non
499 3108 566 3157 sunt
578 3099 684 3166 habita,
695 3117 781 3172 quum
796 3117 854 3156 non
867 3107 930 3154 ante
941 3107 1052 3155 sextum
1064 3097 1202 3154 saeculum

107 3199 159 3275 jus
174 3215 231 3270 quo
246 3196 274 3255 id
288 3199 416 3257 statuitur
429 3197 634 3256 consuetudine
648 3196 793 3254 inductum
814 3205 842 3254 et
865 3203 1010 3271 receptum
1024 3196 1068 3253 sit.
1111 3195 1202 3267 Equi·

110 3295 176 3354 dem
191 3305 256 3353 ante
270 3295 403 3355 diffusam
417 3298 524 3369 ubique
544 3297 712 3374 religionem
732 3295 914 3354 christianam
928 3293 1062 3367 frequens
1075 3294 1203 3352 fidelium

110 3413 176 3453 cunt
212 3394 373 3453 infidelibus
407 3394 587 3454 necessitudo
614 3396 757 3473 conjugiis
788 3392 953 3471 hujusmodi
981 3393 1093 3452 facilem
1123 3393 1205 3452 dabat

111 3495 304 3562 occasionem,
319 3503 492 3571 quapropter
512 3492 582 3552 adeo
602 3494 808 3552 consuetudine
823 3494 1001 3553 invaluerant
1012 3504 1043 3550 ut
1056 3495 1110 3571 piae
1124 3494 1205 3551 muli·

113 3610 176 3648 eres
202 3593 334 3668 religioni
354 3594 403 3650 vix
431 3592 566 3650 ducerent
592 3593 714 3653 ethnicis
735 3595 858 3651 nubere:
881 3591 957 3665 quod
983 3592 1018 3649 de
1045 3602 1132 3651 matre
1155 3611 1207 3649 sua

113 3690 244 3759 Monica,
258 3709 322 3763 quae
336 3691 461 3750 Patricio
475 3691 582 3750 infideli
595 3693 702 3768 nupsit,
715 3692 801 3749 refert
809 3681 1014 3766 Αιιςιιείὶηυε.ὁ
1033 3689 1078 3746 Ea
1091 3699 1135 3746 est
1148 3689 1206 3746 fere

111 3808 208 3871 rerum
223 3789 297 3866 apud
311 3809 363 3848 nos
378 3789 514 3858 conditio,
536 3808 624 3863 quum
637 3790 809 3865 baptismum
824 3788 955 3865 plerique
969 3786 1129 3864 negligant:
1154 3786 1206 3844 sed

147 3975 190 4038 (l)
211 3973 273 4038 Cap.
285 3974 401 4034 Veniens,
413 3973 443 4023 de
456 3989 483 4024 to
492 3974 538 4041 qui
549 3973 632 4025 duxit.

148 4060 191 4124 (2)
213 4058 275 4107 Vide
287 4058 318 4107 C.
331 4058 484 4120 Significavit
495 4063 518 4107 2.
530 4058 560 4107 C.
575 4057 714 4107 literarum
725 4059 742 4106 t
754 4072 811 4106 cum
827 4055 924 4114 habent,
942 4057 966 4103 5.
983 4060 1007 4103 et
1027 4052 1057 4101 C.
1075 4053 1103 4103 si
1119 4053 1174 4116 quis
1191 4057 1206 4102 8

112 4144 150 4193 Dr
161 4158 189 4193 eo
197 4144 244 4210 qui
257 4144 334 4196 duxit
346 4144 376 4194 in
384 4148 446 4196 mat.

149 4230 192 4294 (3)
211 4230 271 4292 Cap.
285 4228 364 4293 Super
374 4229 429 4289 hoc,
441 4227 491 4281 eod·
505 4228 544 4281 tit.
748 4228 790 4293 (4)
811 4226 837 4273 S.
849 4223 924 4288 alph.
936 4224 968 4272 ri.
977 4238 1002 4272 n.
1017 4225 1089 4272 1⁰36.

151 4312 193 4379 (5)
214 4314 229 4360 2
242 4310 299 4361 Cor.
308 4311 340 4360 vi.
355 4313 393 4360 14.
749 4312 791 4376 (6)
812 4308 917 4358 Contere
928 4307 944 4359 l.
954 4307 988 4356 ix.
999 4322 1020 4355 c.
1032 4305 1065 4357 ix.

632 4392 670 4430 111)
681 4388 697 4422 l*
