2640 4860
179 355 218 409 28
471 347 528 408 DE
550 345 744 409 MATERIA
763 347 974 410 BAPTISMI.

185 517 305 592 precise
318 512 452 574 effectum
470 513 625 574 benedicte
640 515 726 592 juxta
738 515 935 593 prescriptum
955 513 1078 574 Ritualis
1098 513 1270 575 Romani.”¹

186 613 269 672 Idem
284 613 374 691 jussit
391 613 546 673 concilium
568 612 778 673 Baltimoreuse
798 613 823 673 1.
844 613 1000 673 emendans
1026 613 1271 684 consuetudinem,

185 730 249 785 que
263 729 302 771 ex
314 710 479 771 difficultate
499 722 659 790 temporum
672 712 788 771 inducta
800 712 903 773 alicubi
916 722 991 772 erat:
1011 712 1063 771 sed
1081 713 1246 791 impetrarit
1257 732 1273 772 a

185 809 262 869 Sede
286 811 455 888 Apostolica
479 820 511 869 ut
535 810 657 871 formula
681 811 815 879 breviori,
842 811 934 885 qualis
960 813 990 871 in
1015 811 1139 871 Limane
1165 811 1272 871 Rituali

184 910 331 986 reperitur,
345 910 445 969 liceret
456 910 487 969 iu
499 928 534 969 ea
545 909 739 970 benedicenda
751 910 803 968 uti.

222 1013 252 1066 2.
274 1007 371 1076 Quum
384 1026 457 1082 aqua
469 1009 562 1069 omnis
575 1008 710 1069 naturalis
723 1007 826 1067 idonea
838 1008 877 1066 sit
889 1008 1033 1077 ablutioni,
1047 1009 1214 1068 communis
1231 1019 1273 1067 est

183 1109 324 1167 sententia
336 1126 440 1181 aquam
450 1126 487 1166 ex
500 1108 576 1176 nive,
586 1107 688 1185 glacie,
702 1106 749 1165 vel
761 1106 898 1184 grandine
911 1106 1075 1176 resolutam,
1089 1126 1154 1168 esse
1167 1117 1273 1166 certam

183 1209 330 1267 materiam
355 1206 544 1274 sacramenti3
571 1206 640 1267 item
666 1223 770 1281 aquam
797 1205 948 1275 turbidam,
970 1206 1062 1280 qualis
1082 1215 1149 1284 post
1166 1207 1273 1266 imbres

184 1306 367 1364 vehementes
381 1305 411 1363 in
424 1305 591 1364 fluminibus
604 1315 739 1382 apparet;
754 1304 800 1362 vel
811 1301 882 1364 aliais
895 1305 1019 1374 mistam,
1034 1305 1274 1379 quandocumque

183 1405 319 1482 prevalet
342 1404 427 1462 rebus
454 1403 613 1463 immixtis:
637 1405 705 1463 item
727 1421 830 1479 aquam
849 1403 1043 1481 sulphuream,
1065 1406 1110 1463 vel
1134 1405 1272 1472 oleosam,

183 1503 275 1576 qualis
302 1504 331 1560 iu
363 1502 585 1580 Penusylvaniae
611 1503 703 1562 rivulo
729 1501 865 1576 quodam,
892 1503 922 1562 iu
948 1503 1083 1563 comitatu
1108 1502 1272 1572 Crawford,

180 1601 310 1659 habetur.
352 1601 474 1659 Materia
486 1599 572 1660 dubia
585 1612 716 1661 censetur
730 1603 780 1680 jus
793 1611 822 1659 et
833 1601 942 1671 lixivia,
957 1620 1031 1675 aqua
1044 1620 1082 1660 ex
1095 1603 1154 1662 sale
1167 1603 1272 1670 soluto,

182 1701 319 1760 cerevisia
332 1700 435 1769 tenuis,
450 1709 479 1758 et
491 1719 564 1774 aqua
579 1719 632 1778 per
645 1711 733 1761 artem
751 1700 941 1778 alchymicam
955 1720 993 1760 ex
1012 1701 1144 1771 floribus,
1157 1702 1272 1781 plantis,

182 1808 230 1857 aut
249 1797 391 1858 radicibus
408 1798 518 1859 educta.
555 1800 651 1859 Saliva
665 1809 708 1860 est
724 1801 843 1861 omnino
860 1800 973 1877 inepta,
996 1809 1091 1860 “cum
1113 1820 1167 1878 per
1181 1821 1274 1862 sacra-

181 1909 310 1958 mentum
329 1898 462 1977 baptismi
481 1917 539 1959 nou
564 1918 765 1978 regeneremur
784 1900 813 1956 in
834 1898 1010 1978 phlegmate,
1025 1899 1076 1958 sed
1098 1899 1127 1958 in
1142 1896 1275 1974 aqua:'‘2

181 1998 234 2057 sed
255 2016 329 2071 aqua
347 2016 397 2056 ure
416 1998 525 2066 hausta,
539 2007 569 2055 et
587 1996 723 2075 deinceps
737 1999 768 2056 in
780 2007 865 2074 caput
883 1999 985 2067 effusa,
999 1998 1103 2060 idonea
1115 2009 1169 2068 est,
1184 2019 1272 2074 quum

181 2093 668 2172 eJ'usnaturanonmuteturhaustu.
697 2096 763 2156 Hac
774 2097 883 2157 ratione
896 2099 1030 2175 baptizati
1040 2108 1108 2158 sunt
1117 2100 1274 2174 aliquando

75 2262 81 2271 ἢ
182 2192 315 2253 infantuli
328 2193 467 2261 morituri,
482 2210 581 2265 quum,
595 2195 633 2253 ob
646 2205 778 2272 parentes
791 2208 992 2276 repugnantes,
1007 2217 1157 2273 aquavase
1170 2199 1275 2259 deferri

181 2310 240 2351 nou
260 2299 368 2371 posset.
410 2290 514 2351 Utrum
540 2292 632 2355 calida
655 2295 770 2365 situel
794 2293 897 2374 frigida
916 2296 957 2356 nil
982 2297 1117 2357 interest:
1145 2297 1271 2374 ideoque

178 2399 349 2477 permittitur
373 2393 516 2455 modicam
542 2415 646 2470 aquam
671 2395 792 2458 calidam
819 2416 899 2473 aqua
934 2397 1108 2475 baptismali,
1136 2398 1162 2457 si
1185 2399 1271 2458 nimis

175 2498 280 2578 frigida
291 2497 338 2564 sit,
351 2488 534 2556 admiscere.³

214 2705 257 2772 (l)
276 2702 362 2754 const.
373 2702 444 2754 Inter
453 2702 609 2771 omnigenas,
620 2706 636 2752 2
648 2702 707 2752 Feb.
721 2704 794 2752 1744.

212 2791 255 2854 (2)
275 2787 337 2851 Gap.
348 2787 379 2838 In
389 2786 494 2854 quadam
504 2795 593 2848 nostra,
604 2787 633 2840 dc
649 2785 690 2840 cel.
709 2787 780 2838 listas.
797 2786 861 2838 Vide
878 2803 930 2854 cap.
950 2785 978 2837 N
979 2803 1012 2839 on
1027 2794 1055 2839 ut
1076 2803 1219 2854 apponeres,
1236 2788 1264 2840 ds

176 2873 253 2938 Bupt.
728 2874 770 2940 (3)
790 2872 838 2924 Rit.
850 2872 920 2923 Rom.
