2640 4860
230 365 288 427 DE
309 361 586 425 RECEPTIONE
607 361 1004 425 SAORAMENTOBUM.
1121 367 1159 424 21

73 530 287 601 contritionem,
300 531 346 590 vel
368 531 633 605 attritionemque
656 530 775 591 includit
794 531 965 610 implicitum
990 529 1163 590 desiderium

70 628 206 688 omnibus
220 630 317 690 utendi
329 629 365 689 ad
378 630 497 689 salutem
512 631 720 704 assequendam
734 631 902 691 necessariis
915 625 1076 690 subsidiis.¹

113 731 162 786 41.
184 718 310 789 Intentio
323 729 542 807 interpretativa,
556 748 641 804 quam
655 730 763 789 scilicet
779 732 844 803 quis
864 731 1043 808 presumitur
1056 729 1165 789 habitu·

76 846 133 896 rus,
154 827 180 885 si
199 826 236 887 de
262 838 439 888 sacramento
458 830 643 906 suscipiendo
663 831 786 906 cogitare
807 838 915 906 posset,
936 829 1042 888 sufficit
1064 828 1164 888 saltem

76 926 169 1000 quoad
191 938 351 987 extremam
369 928 554 997 unctionem
576 929 732 1006 prescribit
756 930 832 987 enim
859 929 972 988 Rituale
997 927 1054 987 hoo
1073 946 1164 987 sacra·

77 1035 203 1085 mentum
219 1026 404 1103 praebendum
417 1028 549 1087 sensibus
563 1028 704 1087 destitutis
726 1029 805 1101 “qni
824 1037 907 1087 antea
925 1026 995 1087 illud
1013 1029 1163 1103 petiemnt,

78 1144 126 1183 seu
148 1127 351 1185 verosimiliter
369 1120 567 1202 petiissent.”²
607 1128 680 1186 Haee
699 1129 831 1188 voluntas
850 1127 991 1187 universis
1006 1125 1164 1186 Catholicis

74 1225 137 1301 jure
157 1227 337 1284 existimatur
363 1225 469 1295 inesse,
495 1227 552 1285 nisi
572 1227 743 1286 conharium
766 1235 895 1298 constet;
923 1226 1052 1304 adjungit
1070 1235 1165 1284 tamen

79 1322 208 1383 Rituale:
231 1325 505 1402 “impoenitentibus
519 1324 595 1394 verb,
609 1335 638 1384 et
650 1327 700 1400 qui
712 1328 742 1385 in
756 1327 908 1387 manifesto
921 1334 1040 1403 peccato
1053 1324 1165 1383 mortali

80 1423 247 1492 moriuntur,
263 1466 271 1483 .
287 1466 295 1483 .
312 1467 319 1483 .
334 1425 448 1501 penitus
461 1425 647 1503 denegetur.”
691 1424 800 1485 Censet
812 1427 1000 1486 nihilominus
1014 1425 1090 1483 Viva
1102 1442 1166 1501 pro·

79 1520 215 1590 habiliter,
225 1523 324 1601 judice
338 1524 370 1583 S.
384 1525 545 1601 Alpheum,
564 1543 640 1602 oegro
659 1526 750 1597 quiin
767 1535 829 1584 actu
842 1527 952 1602 peccati
964 1524 1091 1585 mortalis
1105 1541 1168 1581 sen·

80 1623 153 1680 sibus
180 1620 266 1680 fuerit
285 1624 445 1692 destitutus,
465 1633 623 1683 extremam
643 1625 805 1683 unctionem
825 1627 878 1684 sub
891 1624 1054 1684 conditione
1068 1623 1167 1682 minis·

81 1720 216 1789 trandum,
237 1740 272 1781 eo
293 1723 370 1796 quod
390 1723 454 1782 fieri
473 1725 566 1801 possit
584 1735 616 1780 ut
634 1724 752 1781 interius
777 1723 873 1782 doleat
891 1724 926 1783 de
947 1725 1068 1783 crimine
1088 1721 1167 1796 qued

82 1821 216 1898 patrabat,
231 1821 300 1894 quin
314 1822 404 1881 ullum
418 1822 523 1882 doloris
537 1821 675 1880 indicium
689 1820 781 1880 valeat
792 1817 943 1898 praebere.³

115 1927 165 1979 42.
188 1920 321 1980 Eandem
336 1922 524 1980 intentionem
537 1921 776 1998 interpretativam
797 1921 928 1979 sufficere
954 1920 989 1979 ad
1009 1920 1169 1978 ministran-

81 2009 142 2080 dam
155 2018 367 2079 Eucharistiam
382 2030 410 2078 et
422 2021 678 2087 confirmationem,
698 2020 782 2097 Lugo
801 2021 955 2096 pluresque
975 2019 1023 2077 alii
1041 2027 1168 2076 censent.

81 2119 122 2178 ld
135 2119 350 2178 matrimonium
364 2128 467 2188 autem,
479 2138 567 2192 quum
582 2128 741 2176 contractus
754 2130 890 2192 sequatur
902 2127 1041 2186 naturam,
1052 2117 1171 2190 requiri·

81 2228 120 2277 tur
131 2218 236 2277 saltem
250 2219 377 2277 virtualis
391 2219 520 2288 intentio,
537 2235 600 2292 quae
617 2217 736 2276 habetur
748 2219 832 2277 etiam
846 2217 1025 2295 quandoper
1038 2235 1170 2295 procura·
1185 2237 1189 2243 ·

82 2327 153 2378 tores
174 2318 370 2386 contrahitur;
390 2319 421 2376 hi
442 2318 520 2376 enim
544 2324 632 2394 agunt
652 2318 682 2375 vi
702 2317 836 2386 mandati,
857 2327 886 2376 et
904 2336 956 2396 per
977 2336 1028 2376 eos
1050 2314 1171 2395 proinde

80 2417 244 2477 mandantes
257 2436 350 2496 agere,
364 2418 476 2476 etiamsi
496 2425 562 2474 tunc
584 2417 719 2493 temporis
736 2418 777 2476 nil
790 2417 826 2475 de
839 2418 1021 2476 matrimonio
1034 2417 1171 2494 cogitent,

82 2517 283 2594 intelliguntur.
324 2516 497 2575 Paenitentia
521 2533 646 2589 quoque,
666 2516 750 2593 juxta
775 2516 883 2592 plures,
910 2517 1002 2593 exigit
1020 2514 1170 2573 virtualem

82 2616 275 2684 intentionem,
285 2634 373 2689 quum
384 2615 548 2694 penitentis
562 2625 641 2673 actus
654 2615 778 2672 materie
792 2614 887 2672 locum
896 2623 1028 2672 teneant:
1043 2612 1171 2671 sedeam

83 2715 182 2775 habere
192 2714 353 2774 censendus
361 2726 405 2773 est
415 2715 464 2788 qui
472 2713 631 2783 confitetur,
643 2722 675 2772 ut
688 2713 836 2790 deinceps,
847 2723 914 2790 post
923 2709 1038 2785 aliquod
1048 2718 1172 2786 tempus,

83 2817 253 2883 absolvatur,
267 2833 298 2873 se
318 2815 570 2892 impraesentiarum
584 2813 755 2874 absolutioni
778 2810 965 2892 suscipiende
984 2809 1061 2871 haud
1073 2809 1172 2868 existi·

84 2934 161 2976 mans
174 2916 323 2975 idoneum.

119 3021 168 3076 43.
191 3015 284 3074 Licita
297 3023 326 3073 et
338 3016 481 3077 fructuosa
502 3021 742 3073 sacramentorum
764 3014 910 3089 susceptio
929 3020 984 3080 est,
998 3008 1111 3084 quando
1130 3025 1172 3066 ee

85 3117 168 3175 animi
175 3114 380 3192 dispositiones
389 3115 554 3183 afferuntur,
567 3133 630 3188 quae
640 3113 794 3185 unicuique
805 3120 981 3170 sacramento
990 3109 1172 3169 conveniunt.

85 3214 218 3282 Infantes,
233 3221 265 3272 ut
277 3222 361 3291 patet,
373 3215 450 3274 nulla
461 3223 546 3290 egent
566 3213 771 3289 dispositione;
792 3212 843 3269 sed
856 3212 975 3289 gratuita
987 3227 1105 3287 prorsus
1115 3206 1173 3266 Dei

85 3313 285 3382 misericordia,
305 3333 357 3391 per
377 3312 488 3372 Christi
507 3313 617 3381 merita,
639 3313 736 3389 gratiae
756 3312 832 3370 dona
850 3319 1058 3385 assequuntur:
1086 3307 1175 3367 adulti

86 3413 148 3472 verb
172 3421 304 3472 tenentur
326 3413 393 3482 fide,
418 3432 480 3490 spe,
502 3411 570 3470 odio
592 3421 621 3471 et
640 3411 826 3471 detestatione
840 3411 959 3488 peccati,
974 3418 1097 3470 etnovae
1110 3407 1174 3464 vitre

87 3513 233 3590 proposito
247 3530 278 3570 se
292 3512 327 3571 ad
337 3512 572 3590 justificationem
585 3513 614 3570 in
628 3511 768 3588 baptismo
789 3511 942 3588 disponere
951 3504 976 3567 :⁴
995 3509 1054 3567 imo
1077 3504 1174 3564 Deum

87 3610 187 3671 debent
209 3629 306 3670 amore
328 3612 453 3684 quodam
474 3612 621 3689 prosequi,
635 3618 779 3683 tamquam
801 3611 894 3669 omnis
913 3609 1032 3687 justitie
1053 3606 1170 3664 sontem.

87 3709 257 3770 Poenitentia
275 3711 372 3780 etiam,
393 3719 494 3789 praeter
514 3710 725 3769 confessionem
738 3718 927 3786 peccatorum,
954 3705 1056 3765 eadem
1075 3701 1175 3777 exigit.

88 3807 198 3870 Caetera
206 3822 384 3870 sacramenta
392 3828 455 3883 quae
462 3810 602 3869 uiuorum
613 3809 753 3877 dicuntur,
764 3807 854 3882 quuni
864 3806 912 3866 illa
921 3805 978 3864 duc
986 3807 1177 3863 mortuorum

87 3919 294 3986 nuncupentur,
316 3909 393 3968 licite
418 3928 477 3969 non
500 3910 703 3986 suscipiuntur,
716 3907 774 3966 nisi
794 3926 831 3964 ex
844 3903 976 3983 prudenti
990 3898 1177 3979 persuasione

88 4005 122 4066 de
134 4009 223 4085 gratia
235 4010 386 4086 impetrata
397 4008 444 4066 vel
453 4008 641 4077 absolutione,
652 4025 716 4081 quae
726 4002 844 4064 omnini
855 4001 1015 4075 requiritur,
1025 4008 1178 4072 antequam

89 4105 123 4166 ad
135 4107 351 4168 Eucharistiam
364 4108 488 4178 accedat,
507 4109 557 4183 qui
577 4109 633 4167 sibi
655 4104 770 4164 lethalis
783 4102 893 4181 peccati
912 4107 956 4160 est
975 4100 1119 4170 conscius,
1133 4098 1179 4157 vel

156 4267 199 4333 (l)
218 4266 258 4317 La
268 4266 351 4318 croix.
363 4268 379 4317 l.
390 4284 413 4316 v.
424 4284 448 4332 p.
459 4267 476 4317 i.
487 4281 513 4316 n.
526 4270 582 4317 168.
685 4265 726 4330 (2)
746 4261 784 4310 De
794 4267 855 4310 extr.
866 4267 933 4310 unct.

159 4353 200 4416 (³)
219 4349 251 4401 L.
262 4351 295 4401 ri.
305 4366 330 4402 n.
343 4356 383 4401 82.
685 4349 727 4416 (t)
747 4346 824 4397 Cone.
836 4345 905 4396 Trid.
917 4344 981 4396 Sese
994 4344 1026 4395 vi.
1038 4359 1059 4394 c,
1070 4344 1102 4394 vi.
