2640 4860
306 476 308 479 .
362 388 419 449 DE
440 387 625 448 DOTIBUS
645 387 851 450 MINISTRI.
1112 394 1148 450 13

58 557 224 616 infirmum:
244 565 273 636 et
292 557 367 615 sicut
379 557 457 630 quod
470 555 565 614 fistula
577 573 630 632 per
643 574 728 630 quam
743 556 842 615 transit
856 574 939 629 aqua,
953 557 992 615 sit
1005 565 1148 634 argentea,

59 657 105 714 vel
118 656 264 733 plumbea.
298 655 383 714 Unde
397 656 519 715 ministri
532 655 672 714 Ecclesia
687 665 809 732 possunt
821 665 997 715 sacramenta
1010 655 1148 723 conferre,

61 757 145 813 etiarn
160 757 187 813 si
200 756 259 813 siut
271 749 388 813 mali.’'¹

100 859 150 913 23.
174 855 240 913 Etsi
260 855 454 913 ministrorum
476 854 601 930 probitas
622 872 680 912 non
701 854 858 927 requiratur
876 864 909 913 ut
929 856 1040 915 valeant
1058 873 1149 913 sacra·

33 963 165 1021 ementa,
186 972 263 1012 novo
282 964 378 1012 umen
397 962 426 1010 et
445 952 524 1030 gravi
543 961 622 1011 reatu
643 971 675 1010 se
691 953 879 1031 obstringunt,
894 955 943 1027 qui
956 955 1069 1014 lethalis
1083 973 1150 1032 peo-

64 1055 115 1111 cati
128 1053 185 1111 sibi
200 1053 310 1112 conscii
324 1071 358 1111 ea
371 1051 476 1110 audent
488 1052 645 1111 conficere:
670 1060 689 1088 ‘⁴
700 1052 730 1112 N
732 1051 812 1121 am,”
827 1061 858 1111 ut
870 1050 955 1112 docet
966 1072 1020 1113 nos
1034 1035 1150 1114 Rituale

64 1151 237 1221 Romanum,
255 1152 337 1211 “etsi
358 1160 533 1210 sacramenta
553 1152 588 1209 ab
609 1151 730 1229 impuris
752 1152 932 1225 coinquinari
945 1171 1002 1211 non
1016 1162 1148 1231 possunt,
1202 1168 1206 1175 ·

64 1268 153 1325 neque
168 1252 291 1328 apravis
303 1251 445 1310 Ministris
460 1269 559 1309 eorum
573 1249 690 1309 effectus
705 1251 856 1329 impediri;
880 1253 991 1329 impure
1012 1262 1108 1311 tamur
1121 1262 1151 1310 et

65 1350 179 1428 indigne
194 1369 228 1408 ea
242 1351 435 1410 ministrantes
449 1351 479 1408 in
493 1360 604 1409 eterna
618 1352 718 1409 mortis
732 1361 840 1411 reatum
855 1352 1011 1410 incurrunt.
1049 1351 1151 1410 Socer·

66 1449 112 1510 dos
135 1469 216 1527 ergo,
243 1451 268 1509 si
292 1449 376 1508 fuerit
397 1450 508 1526 peccati
528 1449 654 1508 mortalis
673 1451 728 1510 sibi
749 1451 881 1510 conscius
902 1449 993 1531 (quod
1012 1447 1095 1530 absit)
1116 1450 1151 1509 ad

66 1558 302 1609 sacramentorum
323 1549 598 1609 administrationem
624 1567 684 1608 non
702 1550 804 1610 audeat
827 1549 973 1620 accedere,
996 1551 1054 1609 nisi
1071 1551 1150 1628 prius

67 1649 145 1707 corde
173 1650 326 1727 poeniteat3
354 1649 415 1718 sed,
443 1650 469 1707 si
495 1649 598 1706 babeat
619 1650 733 1725 copiam
754 1649 941 1718 confessarii,
962 1658 991 1708 et
1012 1650 1151 1728 temporis

67 1747 175 1822 locique
191 1750 263 1808 ratio
276 1748 357 1817 ferat,
372 1749 506 1807 convenit
519 1741 700 1807 confiteri.”²
723 1756 742 1785 ‘⁶
753 1749 783 1807 N
785 1768 824 1808 ou
837 1757 882 1806 est
894 1748 1047 1818 dubium,’'
1060 1750 1153 1823 inquit

16 1904 41 1947 t·
68 1846 95 1907 Β.
108 1847 252 1916 Thomas,
268 1856 287 1885 ‘⁴
297 1849 368 1921 quin
381 1848 449 1907 mali
463 1847 632 1906 exhibentes
647 1865 678 1905 se
693 1847 840 1906 ministros
854 1846 911 1905 Dei
925 1855 954 1904 et
966 1847 1106 1906 Ecclesiae
1121 1849 1151 1906 in

14 1926 277 2027 ''²⁸²⁵'diapensatioue
296 1959 537 2006 sacramentorum
553 1955 681 2022 peccent.
724 1946 765 2004 Et
778 1947 844 2020 quia
857 1945 912 2004 hoe
926 1953 1075 2022 peccatum
1089 1963 1152 2022 per·

68 2046 133 2125 litlot
146 2047 183 2106 ad
193 2047 402 2106 irreverentiam
413 2046 470 2104 Dei
484 2057 512 2104 et
526 2046 796 2106 contaminationem
807 2052 1048 2104 sacramentorum
1063 2063 1152 2119 quan·

69 2154 122 2206 um
143 2156 190 2206 est
212 2164 250 2205 ex
268 2155 346 2223 parte
373 2147 465 2222 ipsius
492 2146 662 2224 peccatoris,
691 2143 770 2225 (licet
792 2153 968 2204 sacramenta
993 2145 1151 2204 secundum

70 2248 159 2324 seipsa
174 2245 435 2305 incontaminabilis
448 2241 519 2325 sint)
534 2262 712 2317 consequeus
727 2243 859 2320 estquod
874 2245 929 2304 tale
947 2255 1096 2324 peccatum
1114 2263 1151 2304 ex

70 2363 168 2423 genere
182 2364 237 2405 suo
250 2346 288 2404 sit
300 2338 467 2404 mortale.”³
986 2333 990 2340 ⁸

101 2450 154 2515 tlt.
175 2446 210 2504 Si
223 2443 295 2505 adeo
306 2453 407 2524 urgeat
414 2445 561 2507 morientis
571 2445 736 2515 necessitas,
748 2455 780 2505 ut
789 2454 901 2523 tempus
912 2445 1046 2506 eliciendi
1056 2453 1152 2504 actum

72 2546 247 2605 contritionis
267 2545 437 2605 ministranti
456 2545 627 2622 baptismum
648 2564 706 2604 non
727 2553 868 2623 suppetat,
889 2563 947 2604 non
965 2553 1065 2622 peccat
1084 2544 1152 2620 bap-

68 2644 189 2714 tizando,
218 2663 271 2703 seu
297 2643 481 2713 absolvendo,
496 2645 564 2718 quia
590 2654 658 2705 tunc
685 2645 877 2703 “subveniret
904 2643 1067 2703 necessitati
1101 2661 1152 2719 pa·

71 2744 194 2814 tientis,”
210 2744 304 2818 iuquit
317 2745 355 2803 S..
365 2737 523 2804 Thomas.⁴
550 2744 628 2804 Hinc
643 2744 726 2804 facile
742 2753 914 2803 excusantur
926 2743 993 2801 laici
1006 2741 1152 2819 baptizan-

71 2851 117 2914 tes,
128 2844 184 2902 bac
197 2844 291 2922 pressi
303 2844 491 2929 necessitate:
506 2862 564 2918 qua
587 2844 739 2903 deficiente
752 2843 856 2910 Oroix,
867 2843 1003 2909 Anteius,
1015 2841 1152 2914 Vasquez

71 2941 191 3022 Delugo,
207 2943 312 3016 aliique
332 2942 507 3013 contendunt
526 2961 577 3002 eos
597 2961 727 3020 peccare,
742 2943 768 3000 si
787 2941 931 3018 negligant
950 2940 1056 2998 conteri
1076 2947 1154 2997 auto·

10 3106 13 3113 ,
72 3060 153 3117 quum
168 3043 340 3102 ministrent.
383 3042 429 3100 De
449 3042 653 3122 sacerdotibus,
668 3041 772 3114 quibus
785 3041 943 3098 animarum
956 3057 1025 3097 cura
1038 3038 1155 3097 deman·

10 3132 21 3209 i·
70 3134 196 3219 Quat,
207 3142 381 3203 nou'eadenr
391 3136 474 3200 facile
488 3141 598 3201 admitti
610 3150 704 3218 potest
716 3140 873 3208 excusatio,
888 3158 955 3199 nam
971 3146 991 3174 “
1000 3136 1153 3216 parochus,
1255 3160 1258 3165 ·

10 3220 34 3355 ι,
69 3220 228 3325 {aq'pivis
252 3242 324 3301 alius
342 3238 489 3308 sacerdos,
507 3240 542 3300 ad
563 3259 649 3314 quem
669 3259 769 3300 eorum
792 3239 999 3299 administratio
1019 3239 1152 3316 pertinet,

50 3330 233 3409 Μύκο
253 3342 284 3401 in
301 3339 402 3418 primis
422 3340 506 3399 debet
518 3350 661 3398 so-sancta
674 3349 802 3408 tractare,
818 3350 900 3412 atque
918 3338 998 3399 omni
1011 3337 1069 3397 fere
1083 3346 1153 3415 tem·

70 3422 317 3517 puris-momento
341 3439 377 3500 ad
400 3450 456 3500 tam
479 3450 583 3497 sauctae
604 3439 853 3499 administrationis
875 3439 1003 3498 officium
1024 3430 1153 3515 pucha
1187 3478 1192 3487 ·

70 3556 130 3598 esse
142 3549 287 3617 oportere.
314 3540 508 3607 Quamobrem
523 3537 593 3598 illud
607 3548 746 3616 perpetuo
760 3538 878 3606 curabit,
889 3548 922 3597 ut
934 3540 1054 3615 integre,
1065 3546 1152 3604 caste,

71 3639 171 3714 pieque
186 3639 274 3698 uitam
288 3631 401 3717 agat.”⁵
433 3637 499 3697 Etsi
513 3639 599 3716 igitur
610 3657 668 3697 non
681 3632 780 3716 peccet
789 3636 857 3716 ipso
870 3635 1050 3696 ministrandi
1063 3654 1156 3694 sacra·

71 3748 197 3798 mentum
222 3747 296 3808 actu,
309 3736 431 3813 ⁸quaudo
445 3746 529 3797 tanta
548 3747 631 3815 urget
653 3737 818 3806 necessitas,
839 3738 947 3814 peccati
971 3745 1066 3794 umen
1088 3751 1155 3790 reus

71 3837 269 3916 agnoscendus
284 3847 336 3904 est,
348 3839 385 3897 ob
398 3837 557 3914 periculum
570 3837 617 3897 oui
631 3855 663 3896 se
676 3837 783 3915 objecit
794 3837 878 3895 talem
893 3833 1019 3911 patiendi
1031 3831 1156 3889 necessi·

71 3943 163 4007 tatem,
179 3945 297 4016 peecata
309 3939 371 4015 jam
386 3937 513 3997 admissa
525 3937 674 4015 negligens
689 3935 817 4014 expiare.
859 3933 940 3993 Idem
954 3927 1107 3993 dicendum
1121 3929 1157 3990 de

11 4084 41 4131 3.
73 4037 268 4114 poeuitentiam
281 4035 504 4096 administrante.

10 3780 22 3819 ἢ.

174 4197 219 4264 (1)
237 4194 272 4247 iii.
284 4195 519 4263 pqulxiunrtv.
541 4175 628 4263 Resp.
797 4193 841 4260 (2)
857 4148 1064 4245 stemmata

18 4300 24 4317 ·
103 4312 106 4317 -
176 4278 527 4351 (manuninum-vi.
560 4281 636 4348 iteap.
804 4280 848 4347 (4)
866 4274 1042 4338 Ibidem,ad3.

319 4360 345 4405 31
360 4365 363 4371 '
426 4366 470 4434 (b)
488 4366 538 4416 Rit.
549 4365 620 4416 Rom
631 4362 661 4415 de
672 4378 719 4413 sao.
731 4361 794 4414 adm.

10 4504 13 4519 ,
110 4446 188 4506 Von.
203 4444 322 4505 til-e
