2640 4860
177 372 233 429 tte
501 363 559 425 DE
579 360 933 425 saulsrac'rlorttt.

612 884 754 943 CAPUT
774 884 829 944 vt.

562 1100 601 1139 DE
623 1096 868 1139 SATISFACTIONE·

216 1268 266 1321 98.
288 1261 460 1327 satisfactio,
474 1279 537 1333 qum
560 1260 640 1318 tertia
653 1276 718 1334 pars
734 1258 903 1316 sacramenti
917 1259 1091 1335 poenitentioe
1103 1259 1210 1328 dicitnr,
1221 1268 1257 1317 est

178 1364 274 1438 operis
288 1364 317 1420 iu
331 1380 443 1438 pornam
458 1361 566 1436 peceati
580 1379 597 1415 a
612 1357 758 1415 sacerdote
773 1357 892 1433 injuncti
905 1359 1074 1435 acceptatio,
1089 1368 1117 1415 et
1129 1359 1256 1435 impletio.

179 1460 325 1533 Equidem
339 1458 530 1518 satisfaciendi
543 1458 674 1517 voluntas
689 1456 724 1513 ad
747 1464 952 1514 sacramentum
975 1458 1095 1515 omnino
1108 1458 1259 1515 necessaria

178 1570 240 1627 est;
262 1579 347 1617 nemo
360 1559 435 1615 enim
450 1558 561 1615 veniam
575 1556 713 1626 consequi
726 1563 830 1630 potest,
845 1554 894 1627 qui
913 1556 1009 1614 animo
1029 1574 1088 1614 non
1101 1566 1146 1614 est
1159 1566 1260 1632 paratus

180 1677 245 1730 qua
260 1659 378 1734 patravit
391 1658 465 1715 mala
479 1657 585 1724 tollere,
599 1666 629 1714 et
641 1673 704 1727 qnae
718 1652 784 1711 inde
795 1663 890 1711 secuta
905 1664 971 1712 sunt
981 1673 1132 1731 reparare:
1155 1656 1227 1713 sicut
1240 1664 1265 1710 et

179 1757 300 1833 implere
313 1775 376 1828 que
390 1755 533 1824 sacerdos,
547 1754 654 1833 ligandi
667 1762 806 1829 potestate
820 1762 913 1819 utens,
928 1753 992 1812 ideo
1002 1754 1135 1831 jusserit.
1163 1754 1263 1832 lnjuria

177 1854 243 1913 Deo
256 1856 330 1914 illata
343 1866 459 1932 peccato
472 1856 549 1913 nulla
560 1855 686 1913 hominis
700 1871 788 1929 opera
801 1852 862 1910 tolli
876 1852 993 1924 quidem
1006 1863 1121 1930 potest;
1145 1853 1198 1912 sed
1211 1871 1263 1930 poe·

178 1956 295 2013 nitentis
309 1954 469 2013 humiliatio
483 1963 511 2011 et
524 1955 632 2030 punitio
646 1972 698 2029 per
717 1951 828 2009 Christi
851 1952 951 2010 merita
971 1952 1090 2011 inservit
1110 1951 1146 2010 ad
1160 1969 1266 2030 poenarn

179 2056 302 2130 peccatis
317 2053 440 2112 debitam
454 2052 597 2110 luendam.
640 2053 772 2109 Attamen
788 2059 807 2085 ‘⁴
817 2049 881 2109 Deo
898 2051 1057 2110 secundum
1072 2051 1115 2109 rei
1130 2052 1267 2110 veritatem

179 2153 250 2209 nihil
264 2151 390 2208 subtrahi
411 2160 514 2225 potest,
539 2151 670 2222 quamvis
694 2158 836 2226 peccator,
853 2160 988 2223 quantum
1009 2151 1039 2208 in
1053 2168 1085 2208 se
1099 2159 1154 2218 est,
1170 2147 1270 2224 aliquid

183 2249 345 2307 subtrahat:
367 2258 396 2305 et
414 2247 479 2306 idco
503 2249 531 2306 in
547 2248 594 2307 tali
607 2248 802 2306 satisfactione
816 2249 1000 2325 principalius
1014 2249 1169 2322 requiritur
1182 2267 1270 2308 emen·

179 2347 255 2406 datio
279 2347 309 2404 iu
332 2347 467 2415 futurum,
483 2366 569 2420 quam
590 2348 820 2424 recompensatio
841 2343 1096 2424 praeteritorum.”¹
1138 2348 1271 2408 Proximo

178 2448 264 2505 etiam
286 2447 410 2522 peccatis
433 2447 537 2505 nostris
556 2448 625 2506 loeso
648 2447 814 2506 satisfacere
834 2456 962 2523 oportet;
992 2466 1047 2506 nec
1069 2449 1185 2507 veniam
1211 2448 1271 2507 licet

179 2566 303 2624 sperare,
317 2547 373 2605 nisi
392 2565 456 2619 quae
479 2546 556 2605 illata
576 2558 643 2606 sunt
655 2547 768 2615 damna,
789 2556 874 2622 prout
887 2548 1075 2622 potuerimus,
1090 2565 1268 2624 reparemus:

180 2648 231 2706 sed
244 2647 445 2705 satisfactionis
459 2649 586 2716 nomine,
601 2656 685 2724 prout
708 2665 772 2722 pars
796 2655 839 2702 est
853 2646 1035 2721 poenitentiae,
1051 2665 1115 2719 quas
1130 2645 1166 2703 ad
1180 2646 1269 2705 Deum

182 2747 352 2823 placandum
380 2747 460 2814 liunt,
484 2748 627 2824 praecipue
641 2745 844 2821 intelliguntur.
895 2745 988 2803 Nobis
1015 2756 1112 2803 autem
1138 2746 1268 2822 operibus

181 2846 348 2924 hujusmodi
362 2846 522 2922 poenalibus
535 2846 702 2911 consulitur,
711 2863 776 2902 nam
787 2843 986 2902 tentationibus
1001 2844 1171 2903 resistendis
1186 2844 1270 2922 magis

182 2945 302 3004 idoneus
314 2945 354 3013 fit,
365 2947 413 3018 qui
427 2954 543 3022 peccata
556 2945 680 3003 admissa
690 2944 805 3020 expiare
814 2943 916 3000 studet.
939 2951 959 2978 “
971 2942 1058 3002 Unde
1069 2954 1099 3002 et
1109 2944 1271 3009 satisfactio,

182 3064 245 3117 quaa
259 3045 428 3121 estjustitiae
442 3054 520 3102 actus
533 3063 647 3120 poenam
660 3043 815 3110 inferentis,
831 3051 874 3099 est
886 3042 1028 3100 medicina
1041 3062 1144 3101 curans
1159 3052 1271 3121 peccata

183 3145 331 3219 praeterita,
347 3155 375 3200 et
388 3162 564 3220 praeservans
579 3164 595 3200 a
615 3137 767 3201 futuris.''²
806 3142 949 3207 Qualibet
968 3152 1061 3200 autem
1077 3143 1190 3200 virtutis
1204 3142 1273 3201 actio

181 3242 383 3299 satisfactionis
397 3242 535 3299 rationem
549 3241 652 3299 habere
667 3250 779 3316 potest3
795 3250 932 3313 quatenus
946 3241 1061 3299 nonnisi
1075 3260 1142 3299 cum
1156 3240 1272 3300 difficul-

180 3351 234 3396 tate
249 3338 370 3411 quadam
384 3349 540 3407 exercetur,
549 3358 613 3412 quae
624 3339 689 3397 ideo
703 3359 794 3415 poenae
806 3340 870 3397 loco
884 3351 937 3398 est.
966 3339 1160 3399 lindicatiua
1170 3342 1270 3400 dicitur

182 3438 357 3513 poenitentia,
372 3456 435 3508 quae
450 3439 478 3495 in
492 3437 660 3496 delictorum
675 3439 865 3496 admissorum
876 3459 987 3516 poenam
1000 3440 1144 3515 praecipue
1154 3440 1273 3516 suscipi·

183 3547 244 3595 tur:
267 3534 457 3594 medicinalis
479 3535 544 3594 verb
569 3547 613 3594 est
639 3557 702 3610 quae
724 3539 753 3595 in
774 3538 875 3596 anima
896 3539 1064 3607 remedium,
1088 3556 1145 3610 quo
1165 3541 1273 3599 scilicet

185 3637 252 3695 vitia
265 3635 406 3703 tollantur,
421 3637 506 3694 cedit.
548 3636 660 3695 Eadem
676 3639 749 3695 actio
763 3655 839 3713 sape
853 3646 882 3694 et
895 3657 985 3713 poenae
999 3647 1027 3695 et
1045 3637 1166 3696 remedii
1181 3639 1272 3698 locum

185 3738 303 3797 obtinet.
345 3734 429 3804 Quod
443 3738 588 3815 peragitur
601 3757 675 3814 opus
690 3756 727 3795 ex
748 3737 915 3797 confessarii
926 3737 1059 3814 jussione
1073 3737 1132 3795 vim
1145 3737 1273 3797 habetes

185 3839 356 3897 sacramenti
370 3837 470 3896 virtute
482 3838 646 3905 derivatam,
661 3847 689 3895 et
709 3836 859 3912 “amplius
876 3835 950 3894 valet
969 3835 1005 3894 ad
1019 3836 1195 3912 expiandum
1209 3856 1272 3914 pec·

182 3946 288 4007 catum,
303 3958 388 4011 quam
403 3939 428 3995 si
442 3940 558 4016 proprio
572 3937 684 3996 arbitrio
698 3936 784 3994 homo
797 3934 902 3992 faceret
914 3935 989 3993 idem
1004 3927 1129 4013 opus.”³

222 4039 272 4095 99.
295 4037 458 4097 Satissactio
480 4057 511 4096 re
530 4036 657 4097 exhibita
679 4034 715 4093 ad
740 4036 929 4113 integritatem
949 4034 1119 4093 sacramenti
1142 4035 1270 4093 refertur.

218 4246 261 4310 (¹)
281 4247 408 4297 S-Thom.
421 4248 789 4314 Supp1.iii,p.qu.xii.artiii.
801 4250 866 4300 aaa.
989 4250 1032 4314 (a)
1053 4246 1154 4306 urnam,
1166 4245 1240 4314 esp.

219 4326 262 4392 (8)
282 4327 308 4376 S.
317 4327 407 4377 Thom.
418 4329 524 4391 quodlib.
536 4330 570 4380 iii.
581 4345 622 4392 qu.
633 4329 683 4378 xiv.
