2640 4860
112 402 175 459 286
285 428 294 435 -
372 393 429 454 DE
449 392 634 454 MUNERE
656 392 946 455 consssssltlt.

115 567 187 626 inter
199 562 389 624 consessionis
401 562 513 620 initium
533 570 562 618 et
574 561 779 620 absolutionem
802 561 900 621 incitat
911 561 947 620 ad
965 560 1116 620 libidinem
1128 583 1136 620 ε
1151 563 1194 636 qui

114 666 199 742 igitur
212 673 275 722 ante
288 662 384 736 aliqua
396 659 492 720 audita
505 669 631 736 peccata,
645 672 796 737 postquam
810 661 951 738 poenitens
965 680 998 719 se
1011 660 1048 719 ad
1067 663 1195 721 confiten-

114 762 183 823 dum
196 772 351 840 paraverat,
366 762 471 838 previa
490 760 671 819 consessione
684 761 821 838 generali,
830 779 895 818 eam
911 760 1057 838 impudice
1077 770 1197 830 tentaret,

115 864 145 924 in
159 873 220 922 actu
231 862 420 922 consessionis
434 860 592 919 solicitasse
605 859 763 919 diceretur:
779 862 821 920 sic
834 872 862 918 et
881 862 931 933 qni
944 860 1050 920 auditis
1063 862 1197 935 aliquibus

114 965 247 1040 peccatis,
262 961 316 1021 alid
337 960 496 1028 diverteret,
511 958 636 1018 tentandi
656 979 720 1018 earn
738 979 834 1028 causa,
850 960 896 1017 vel
909 961 960 1034 qni
979 961 1093 1038 integra
1111 961 1197 1019 andita

114 1062 305 1129 consessione,
327 1059 451 1118 tentandi
474 1068 614 1132 quareret
639 1061 821 1118 occasionem
844 1069 909 1117 ante
930 1061 1151 1129 absolutionem,
1170 1062 1198 1119 in

113 1171 176 1221 actu
195 1161 384 1220 consessionis
404 1160 536 1218 solicitat.
570 1159 603 1215 Si
623 1159 814 1217 confessarius
835 1160 960 1232 inquirat
983 1159 1034 1218 ubi
1060 1161 1196 1238 penitens

112 1260 229 1328 habitet,
240 1279 360 1333 eamque
374 1269 454 1336 roget
471 1268 503 1316 ut
515 1266 648 1335 expectet
659 1278 725 1316 enm
748 1259 836 1326 domi,
852 1277 1030 1334 pravumque
1051 1259 1196 1318 consilinm

114 1379 145 1419 se
160 1360 267 1418 fovisse
288 1360 423 1435 deinceps
437 1358 609 1425 manifestet,
624 1369 755 1416 censetur
776 1359 806 1416 in
826 1358 1008 1416 consessione
1021 1349 1200 1416 solicitasse.l

114 1458 221 1518 Charta
235 1459 270 1517 ad
281 1477 412 1516 venerem
426 1458 557 1525 incitans,
566 1474 617 1515 seu
629 1457 729 1515 litterae
740 1457 892 1526 amatorie,
902 1458 931 1517 in
941 1456 1076 1517 tribunali
1084 1456 1194 1526 traditae,

83 1592 87 1597 -
114 1559 311 1618 solicitationis
325 1559 412 1615 instar
419 1568 502 1615 sunt:
524 1556 654 1614 damnata
668 1558 775 1634 quippe
788 1566 831 1615 est
850 1557 1026 1633 propositio:
1049 1567 1070 1594 “
1081 1556 1195 1616 Oonses·

113 1659 206 1717 sarius
232 1657 334 1732 quiin
359 1656 556 1716 sacramentali
578 1656 758 1715 consessione
780 1657 876 1715 tribuit
899 1657 1050 1733 poenitenti
1075 1657 1195 1716 chartam

113 1766 213 1834 postea
221 1755 382 1835 legendam,
398 1757 427 1815 in
441 1775 497 1830 qna
509 1755 544 1814 ad
558 1773 691 1814 venerem
703 1756 808 1824 incitat,
823 1775 880 1813 non
893 1765 1027 1814 censetur
1041 1757 1195 1815 solicitasse

50 1870 55 1881 '
115 1856 144 1915 in
158 1857 350 1924 consessione,
365 1875 397 1914 ac
417 1854 536 1932 proinde
558 1873 615 1914 non
635 1863 679 1912 est
698 1847 955 1914 denuntiandus.'’²
994 1856 1072 1917 Ante
1094 1855 1195 1914 conses-

113 1956 223 2015 sionem
244 1955 365 2023 soliciat,
379 1956 429 2029 qui
449 1954 579 2014 confiteri
602 1954 745 2013 volentem
767 1955 802 2013 ad
824 1954 971 2013 libidinem
994 1956 1126 2024 traducit,
1139 1956 1196 2031 ejus

113 2055 198 2132 paulo
224 2065 289 2133 post
306 2054 516 2112 consessionem
536 2063 699 2129 exceptura.
741 2055 791 2112 Sic
813 2055 838 2112 si
859 2054 982 2131 puellam
1005 2054 1096 2123 domi,
1109 2054 1154 2112 vel
1171 2055 1195 2111 in

113 2154 253 2221 cubiculo,
276 2161 419 2228 petentem
440 2152 648 2211 consessionem
672 2154 735 2226 quis
756 2152 907 2213 libidinose
928 2161 1066 2230 tangeret,
1087 2164 1115 2211 et
1139 2163 1197 2229 post

112 2253 198 2311 breve
218 2251 395 2309 intervallum
415 2253 444 2310 in
466 2250 586 2309 ecclesia
608 2253 790 2311 confitentem
813 2254 969 2330 exciperet,
991 2252 1195 2312 denuntiandus

112 2351 195 2410 soret.
217 2349 394 2409 Immeclinte
401 2356 473 2428 post
486 2349 699 2409 consessionem
710 2353 840 2421 solicitat,
850 2351 1195 2425 quiauditaoonsessione‚

112 2451 265 2527 poenitente
280 2449 407 2508 nondum
421 2450 548 2513 dimissa.
563 2450 658 2509 minus
679 2461 754 2510 caste
767 2471 799 2509 se
813 2454 894 2528 gerit.
928 2451 1002 2510 Item
1017 2455 1068 2525 qui
1089 2471 1151 2510 earn
1172 2452 1196 2508 in

112 2551 245 2620 ecclesia,
267 2550 311 2607 vel
336 2550 479 2616 cubiculo,
499 2550 662 2622 aliquandiu
688 2562 846 2610 morantem
866 2569 951 2629 prave
973 2551 1136 2625 alloquitur,
1158 2550 1197 2608 vel

111 2651 227 2709 liberius
254 2650 357 2725 tangit:
379 2651 424 2707 vel
446 2650 530 2726 juxta
552 2650 701 2725 plurimos,
729 2652 778 2722 qni
803 2669 867 2710 eam
893 2649 1010 2710 domum
1037 2659 1197 2725 sequeretur

111 2770 204 2827 pravae
238 2751 473 2827 concupiscentiae
500 2747 604 2807 indicia
633 2751 671 2808 ibi
699 2744 841 2809 daturus.³
893 2749 976 2808 Licet
1003 2751 1198 2828 jurisdictione

109 2851 228 2908 caruerit
237 2848 381 2917 sacerdos,
391 2850 441 2922 qni
454 2851 484 2907 in
498 2849 677 2907 consessione
691 2850 853 2919 solicitavit,
865 2849 1075 2908 denuntiandus
1088 2845 1157 2909 cst.⁴

150 2954 221 3008 238.
247 2948 408 3008 Occasione
422 2947 621 3030 consessionis
634 2949 767 3017 solicitat,
789 2951 839 3023 qni
860 2950 990 3008 confiteri
1009 2959 1154 3026 petentem
1168 2947 1199 3006 ad

109 3048 257 3108 libidinem
283 3048 422 3118 distrahit,
444 3050 490 3106 vel
511 3050 560 3122 qni
593 3068 630 3107 ex
655 3049 803 3126 snagilitate
830 3051 859 3108 in
880 3049 1063 3108 consessione
1089 3049 1199 3127 cognita

109 3150 196 3206 sumit
208 3150 389 3206 occasionem
401 3168 462 3206 earn
477 3148 602 3207 tentandi
612 3144 637 3206 :⁵
656 3147 707 3206 sed
716 3150 764 3206 nbi
777 3158 852 3207 certa
865 3168 922 3207 non
933 3158 1090 3226 suppetunt
1100 3148 1199 3208 indicia

37 3283 44 3297 .
108 3248 266 3305 occasionis
289 3247 354 3305 inde
375 3247 516 3315 derivata,
537 3248 697 3306 censendus
720 3258 763 3306 est
787 3248 904 3306 libidine
924 3267 976 3306 sua
996 3257 1102 3308 motus.
1145 3246 1199 3314 Qui

110 3355 204 3404 autem
226 3345 329 3422 puellae
355 3348 401 3404 vel
421 3365 502 3415 voce,
528 3347 574 3405 vel
594 3347 677 3423 signo
699 3348 804 3421 aliquo,
826 3349 936 3425 peccati
960 3348 991 3405 in
1016 3348 1197 3407 consessione

108 3444 241 3502 declarati
255 3447 421 3503 memoriam
435 3446 586 3514 resrioaret,
607 3446 674 3505 dnm
696 3448 764 3505 alias
784 3467 847 3506 eam
868 3447 1032 3515 solicitaret,
1047 3449 1196 3506 occasione

109 3543 296 3602 consessionis
310 3544 467 3602 solicitasse
482 3547 582 3604 merito
597 3557 769 3616 censeretur,
780 3559 809 3606 et
821 3566 886 3605 rens
897 3547 970 3605 soret
982 3547 1089 3622 proditi
1102 3547 1195 3624 sigilli.

109 3644 159 3703 Sic
177 3644 262 3701 etiam
283 3645 332 3718 qui
353 3644 475 3717 aliquam
496 3646 659 3714 solicitaret,
681 3650 849 3722 promittens
875 3666 907 3705 se
927 3666 990 3704 earn
1017 3647 1196 3705 confitentem

108 3743 245 3820 deinceps
259 3754 454 3821 excepturum,
469 3746 619 3804 occasione
633 3747 822 3806 consessionis
837 3738 1131 3804 videtn1·solicitare.⁶

145 3848 216 3903 239.
236 3843 394 3903 Pretcntn
414 3843 612 3927 consessionis
632 3845 754 3905 solicitat
775 3847 824 3920 qui
848 3846 911 3905 ficte
932 3846 1032 3904 invitat
1052 3845 1196 3904 mulierem

62 4053 64 4061 ι
143 4032 185 4096 (1)
205 4031 232 4079 S.
243 4031 318 4095 Alph.
327 4032 342 4080 l.
354 4032 385 4080 ri.
398 4047 423 4080 n.
432 4033 489 4081 676.

143 4118 185 4182 (2)
202 4115 274 4178 Prop.
285 4116 329 4164 Vs.
341 4117 371 4164 ab
382 4115 454 4166 Alex.
466 4117 522 4167 VII.
532 4119 565 4165 24
577 4117 644 4182 Sept.
661 4120 733 4166 1665.
745 4117 866 4167 damnata.

142 4199 185 4262 (3)
208 4197 267 4247 Vide
278 4200 306 4248 Ρ.
319 4199 461 4264 Philippum
480 4202 511 4251 de
531 4203 691 4252 Carboneano
710 4203 738 4251 in
757 4201 889 4266 appendice
908 4201 939 4251 ad
956 4207 1024 4251 tract.
1042 4200 1149 4252 Antoine
1164 4199 1192 4248 de

107 4279 190 4344 poenit.
667 4289 708 4354 (4)
729 4286 755 4336 S.
767 4288 841 4351 Alph.
853 4288 868 4336 l.
881 4287 913 4336 vi.
924 4303 949 4336 n.
962 4289 1019 4336 688.

143 4363 186 4428 (5)
205 4362 304 4426 Ibidem,
315 4381 340 4416 n.
353 4368 410 4416 676.
668 4373 710 4438 (6)
730 4371 828 4422 Ibidem.
