2640 4860
160 400 217 459 m
506 387 564 450 DE
584 386 898 451 conrnl'nontn.

156 560 270 635 quaudo
304 557 439 616 charitate
472 556 628 634 perfectam
660 572 725 613 esse
755 555 910 633 contingat,
942 555 1153 633 hominemque
1182 559 1235 619 Deo

155 657 351 725 reconciliare,
365 656 444 734 prius
458 674 545 729 quam
564 655 619 713 hoc
639 664 845 713 sacramentum
868 666 931 713 actu
955 657 1141 734 suscipiatur,
1155 661 1235 735 ipsam

154 758 343 817 nihilominus
363 755 624 814 reconciliationem
640 754 697 830 ipsi
718 752 879 811 contritioni
898 755 961 812 sine
982 759 1157 817 sacramenti
1169 767 1236 825 voto,

155 855 233 929 quod
247 856 277 914 iu
291 856 340 914 illa
352 853 513 921 includitur,
528 871 586 911 non
598 869 662 909 esse
683 845 945 910 adscribendam.”¹
985 854 1131 914 Damnata
1144 855 1237 915 idcirco

154 966 198 1012 est
220 955 286 1033 Baji
305 953 441 1012 assertio:
464 953 552 1012 “Per
573 951 772 1009 contritionem
791 951 877 1009 etiam
896 970 963 1010 cum
989 954 1106 1013 caritate
1126 956 1238 1032 perlecta

154 1055 347 1131 conjunctam,
368 1062 482 1110 etcum
508 1058 574 1109 voto
594 1048 770 1126 percipiendi
790 1059 999 1111 sacramentum
1018 1070 1079 1112 nou
1098 1055 1239 1113 remittitur

154 1153 262 1212 crimen
270 1163 350 1212 extra
362 1169 460 1209 casum
474 1149 650 1209 necessitatis
664 1157 712 1205 aut
724 1148 864 1224 martyrii,
874 1149 937 1207 sine
948 1152 1053 1210 actuali
1065 1154 1238 1230 susceptione

154 1245 372 1311 sacramenti.”²
393 1249 497 1309 Utrum
510 1257 604 1306 autem
612 1246 734 1305 charitas
742 1248 805 1324 ipsa
816 1245 942 1325 perfecta
952 1266 1017 1308 esse
1027 1248 1142 1321 debeat,
1153 1253 1239 1329 specie

152 1365 182 1409 et
203 1350 302 1427 gradu,
322 1348 556 1407 controvertitur:
578 1346 722 1424 plerisque
741 1344 923 1422 opinantibus
944 1364 1040 1407 veram
1067 1348 1237 1419 charitatem,

106 1438 119 1457 ⁸
153 1449 334 1524 quantumvis
347 1448 506 1513 remissam,
520 1454 549 1503 et
561 1444 650 1523 gradu
664 1443 752 1503 veluti
766 1446 1051 1514 minimamveniam
1062 1459 1238 1525 peccatorum

154 1548 265 1616 afferre,
278 1548 389 1607 dicente
403 1544 522 1604 Christo
536 1542 572 1602 de
591 1544 711 1621 singulis
734 1561 800 1603 cum
821 1543 1021 1620 diligentibus:
1044 1548 1137 1615 “Qui
1158 1549 1239 1628 diligt

152 1666 199 1706 me
225 1647 359 1724 diligetur
383 1666 401 1704 a
422 1645 507 1704 Patre
529 1634 646 1702 mco.”⁸
685 1643 717 1700 S.
741 1643 873 1703 Thomas
899 1643 985 1704 dicit:
1008 1645 1167 1708 “charitas
1189 1667 1238 1708 non

151 1755 322 1822 potestesse
341 1763 407 1804 cum
427 1752 545 1823 peccato
567 1736 728 1802 mortali.”⁴
768 1742 910 1802 Contritio
933 1744 1020 1823 igitur
1034 1765 1079 1806 ex
1100 1747 1238 1816 charitate,

151 1862 209 1918 qua
228 1844 292 1917 quis
316 1843 412 1905 Deum
432 1844 639 1921 complectitur,
654 1842 766 1901 veniam
779 1843 942 1916 assequitur
954 1853 1018 1904 aute
1032 1857 1238 1909 sacramentum

152 1953 327 2022 susceptum,
338 1944 415 2017 quod
425 1954 518 2004 tamen
531 1943 673 2019 poenitens
686 1943 716 2001 in
729 1943 826 2001 animo
839 1942 924 2001 habet
936 1941 1075 2023 deinceps
1087 1950 1237 2026 suscipere.

151 2044 256 2102 Anima
269 2043 304 2101 ad
318 2042 414 2102 Deum
437 2058 585 2111 conversa,
601 2040 682 2099 Deus
702 2042 796 2100 statim
817 2042 1026 2119 depropitius:
1049 2045 1156 2106 “Hoec
1177 2047 1239 2107 dicit

150 2140 294 2200 Dominus
308 2143 503 2200 exercituum:
518 2140 716 2199 convertimini
729 2139 764 2197 ad
777 2159 834 2210 me,
846 2141 885 2199 ait
898 2141 1042 2203 Dominus
1056 2147 1239 2212 exercituum,

149 2250 177 2295 et
188 2249 335 2296 convertar
348 2238 384 2296 ad
397 2258 459 2306 vos,
470 2238 540 2296 dicit
552 2238 696 2297 Dominus
711 2238 940 2299 exercituum.''⁵

193 2340 240 2394 15.
262 2335 414 2406 contritio,
429 2347 568 2410 quatenus
588 2338 744 2415 generatim
764 2339 938 2417 intelligitur,
952 2352 997 2400 est
1009 2345 1131 2403 omnino
1149 2362 1240 2404 neces·

148 2436 222 2494 saria
234 2444 266 2493 nt
279 2435 343 2508 quis
353 2438 466 2496 veniam
475 2447 656 2514 peccatorum
670 2447 855 2511 assequatur:
870 2457 925 2498 nec
937 2441 1014 2502 enirn
1030 2443 1115 2502 Deus
1124 2444 1240 2522 ignoscit

150 2536 291 2613 peccatori
305 2553 391 2608 quem
405 2535 499 2595 delicti
512 2536 589 2595 haud
602 2536 738 2613 poenitet:
755 2546 774 2574 “
784 2537 837 2596 fuit
846 2538 975 2607 autem‚”
985 2541 1080 2616 inquit
1089 2544 1239 2604 concilium

149 2635 362 2704 Tridentinum,
378 2637 509 2710 “quovis
524 2646 653 2714 ternpore
667 2633 702 2693 ad
715 2637 922 2714 impetrandam
934 2641 1048 2700 veniam
1061 2653 1239 2719 peccatomm

147 2734 194 2793 hic
214 2736 392 2797 contritionis
413 2745 507 2795 motus
527 2726 754 2794 necessarius.”⁶
773 2737 931 2810 Equidem,
953 2737 1073 2801 Christo
1097 2752 1237 2811 monente,

148 2835 278 2895 interitus
299 2844 394 2893 manet
419 2833 495 2893 haud
521 2835 709 2912 penitentes:
732 2835 832 2893 “Nisi
857 2837 1058 2914 poenitentiam
1085 2840 1238 2900 habueritis

148 2952 249 2994 omnes
262 2935 393 2993 similiter
406 2927 583 3012 peribitis.”⁷
602 2933 870 3012 Hincpraedicavit:
887 2939 1109 3014 “poenitentiam
1119 2934 1240 3020 agite.”⁸

148 3035 248 3094 Animi
261 3034 378 3107 quidem
392 3035 509 3093 mutatio
522 3035 551 3092 vi
572 3036 651 3093 vocis
663 3023 785 3098 premes
805 3035 964 3106 indicatur:
985 3038 1038 3097 sed
1058 3048 1086 3098 et
1106 3038 1189 3099 dolor
1207 3039 1241 3098 de

148 3130 205 3192 Dei
219 3131 338 3200 offensa,
353 3152 419 3192 cum
440 3133 628 3193 conversione
647 3131 772 3201 adeum,
790 3153 855 3194 cum
869 3154 903 3194 ea
916 3139 1081 3197 necessario
1094 3140 1241 3217 conjungi·

149 3239 210 3289 tur:
234 3231 468 3290 “Poenitemini”
490 3232 583 3306 inquit
603 3232 717 3298 Petrus,
740 3240 801 3290 “et
821 3236 1022 3295 convertimini
1044 3247 1075 3295 ut
1100 3236 1243 3297 deleantur

148 3337 266 3402 peccata
280 3323 423 3386 vestra.’'⁹
462 3331 497 3389 In
510 3329 662 3389 dilectione
676 3330 732 3388 Dei
745 3331 898 3393 includitur
912 3337 1021 3412 peccati
1041 3335 1152 3405 odium,
1168 3336 1241 3412 quod

149 3435 245 3484 umen
259 3435 371 3503 oportet
383 3427 458 3495 elici,
472 3429 570 3488 animo
583 3429 654 3487 illud
668 3429 836 3491 detestante.

189 3529 236 3585 16.
258 3525 293 3584 In
305 3526 404 3583 mortis
423 3526 541 3584 articulo
554 3528 686 3586 contritio
700 3529 825 3604 perlecta
837 3541 883 3590 est
897 3532 1047 3603 elicienda,
1061 3554 1100 3594 cx
1115 3554 1241 3595 commu·

148 3626 220 3685 niori
233 3625 372 3684 sententia
383 3643 390 3692 ;
412 3635 524 3702 oportet
533 3626 611 3684 enirn
625 3635 691 3685 tunc
704 3626 788 3687 saluti
801 3634 1018 3703 quammaxime
1031 3636 1192 3703 consulere,
1204 3653 1238 3694 ne

147 3727 217 3798 quid
246 3727 342 3786 forsan
368 3724 449 3784 desit.
490 3725 525 3785 In
547 3726 677 3804 periculo
702 3729 802 3787 mortis
829 3732 992 3791 verosimili
1015 3733 1115 3793 eadem
1136 3735 1242 3793 ratione

148 3829 249 3887 animae
269 3836 313 3886 est
337 3824 553 3885 consulendum.
588 3826 621 3884 Si
641 3826 750 3886 nullum
774 3828 927 3889 immineat
946 3833 1119 3908 periculum,
1134 3833 1240 3912 peccati

218 4004 229 4067 )
249 4001 314 4052 Sese.
325 4002 374 4052 xiv.
383 4017 436 4067 cap.
447 4000 479 4052 iv.
491 4000 522 4051 ds
533 4001 618 4067 poenit.
756 4001 798 4069 (ἓ)
818 4003 891 4070 Prop.
902 4005 964 4057 lxxi.

218 4089 229 4151 >
248 4087 319 4136 Joan.
331 4089 382 4136 xiv.
394 4091 435 4136 21.
753 4090 795 4155 (4)
816 4092 839 4138 2.
851 4094 895 4140 De.
907 4107 947 4154 qu.
959 4091 1009 4142 xlv.
1021 4098 1066 4141 art.
1076 4092 1108 4142 iv.

220 4171 230 4232 )
250 4170 324 4221 Zach.
335 4173 351 4220 i.
364 4175 387 4220 3.
754 4177 796 4243 (6)
816 4176 881 4226 Sese.
893 4175 942 4228 xiv.
953 4192 1006 4242 cup.
1016 4176 1050 4227 iv.
1061 4176 1091 4229 dc
1098 4178 1191 4244 punit.

219 4255 230 4314 )
250 4251 311 4304 Luc.
323 4254 374 4303 xiii.
387 4259 409 4304 3.
758 4263 800 4328 (Β)
821 4260 881 4312 Mat.
892 4261 924 4310 iv.
939 4264 978 4312 17.

760 4345 803 4410 (9)
823 4344 923 4395 Actiii.
942 4348 981 4397 19.

186 4003 198 4064 (

186 4087 197 4148 (

187 4171 198 4230 (

187 4253 198 4313 (

203 4005 212 4049 1

200 4087 215 4132 3

201 4171 216 4215 5

201 4254 216 4298 7
