2640 4860
109 362 169 417 att
506 350 563 410 DE
585 348 803 410 DIVORTIO.

110 524 174 596 quia
187 521 262 580 norit
273 537 339 578 eum
353 519 428 578 ultra
440 518 573 596 progredi
587 517 670 577 velle.
711 516 795 577 Ideo
816 517 910 595 magis
924 516 1079 578 dicendum
1093 519 1180 592 quoties

110 621 146 679 de
166 620 259 678 valore
280 619 384 696 prioris
406 618 581 677 matrimonii
601 617 744 676 dubitatur
763 617 800 678 ob
820 616 1018 694 disparitatem
1044 619 1184 686 cultus,rel

110 737 269 778 consensus
289 717 441 777 desectum.
483 718 533 775 Sic
549 717 689 793 contingit
708 716 860 791 aliquando
879 718 1021 794 juvenem
1035 737 1099 776 cum
1113 718 1188 796 puella

110 820 192 877 malae
206 818 290 876 famo
303 819 375 876 inire
389 818 513 893 nuptias,
525 835 596 890 quas
611 826 690 893 pater
702 835 740 874 ex
753 817 839 874 curiae
848 818 1016 875 auctoritate
1029 818 1122 876 dirimi
1134 818 1189 884 vult,

111 917 201 975 tilium
216 918 367 994 deceptum
381 935 445 975 esse
459 927 627 993 praetexens.
648 914 667 973 J
669 916 838 993 urispcritus
848 915 1021 975 catholicus
1030 936 1089 976 nou
1100 917 1191 976 videtur

112 1034 232 1095 peccare
243 1036 303 1075 rem
317 1015 529 1094 prosequendo,
538 1016 693 1092 praescrtim
704 1018 729 1074 si
743 1015 856 1074 aliunde
864 1016 1031 1092 suspicetur
1037 1035 1192 1075 consensum

111 1134 172 1175 non
187 1117 309 1175 valuisse
322 1116 359 1173 ob
372 1114 511 1182 fraudem,
529 1116 702 1183 ebrietatem,
718 1114 761 1172 vel
775 1114 1015 1191 impedimentum
1039 1115 1191 1175 ecclesiasti·

113 1234 190 1274 cum.
224 1216 320 1273 Etiam
334 1233 392 1272 non
405 1215 574 1273 damnamus
587 1233 652 1272 eum
662 1214 688 1271 si
702 1215 812 1272 clientis
827 1224 920 1290 partes
931 1203 997 1291 agat
1007 1215 1037 1272 in
1050 1213 1191 1293 rumpendo

113 1315 229 1373 vinculo
242 1314 318 1372 civili
341 1315 513 1372 matrimonii
526 1323 601 1372 certe
622 1312 719 1380 validi,
734 1312 848 1386 quando
868 1314 1043 1390 gravissima
1060 1326 1103 1372 est
1123 1315 1189 1381 ratio,

114 1432 151 1471 v:
166 1433 203 1490 g:
219 1412 295 1486 quod
306 1413 407 1470 mulier
420 1413 588 1471 adulterium
599 1412 760 1471 admiserit:
776 1413 827 1471 sed
837 1431 987 1486 nunquam
998 1413 1084 1471 debet
1092 1414 1192 1490 probare

114 1531 204 1571 novas
219 1512 343 1588 nuptias.

159 1616 225 1669 114.
246 1611 342 1670 Judex
369 1609 548 1679 catholicus,
562 1630 600 1669 ex
622 1611 696 1687 legis
716 1611 892 1678 anctoritate,
907 1608 1047 1668 dirimens
1068 1612 1193 1670 matrino

116 1711 206 1777 nium,
221 1729 279 1768 non
293 1710 405 1769 videtur
416 1729 544 1788 peccare,
559 1711 689 1783 quamvis
704 1711 780 1769 enim
802 1709 831 1767 id
851 1709 1034 1786 aggrediatur
1055 1710 1130 1784 quod
1147 1711 1193 1787 legi

115 1809 219 1868 divina·
232 1819 381 1886 repugnat,
390 1820 513 1869 attamen
527 1808 689 1869 censendus
703 1819 814 1868 nonest
827 1820 946 1867 eatenus
957 1809 1032 1869 velle
1041 1811 1192 1869 sententian

114 1907 278 1975 extendere,
293 1928 351 1982 qua
371 1910 575 1969 conscientiam
596 1910 683 1986 priori
704 1909 819 1968 vinculo
842 1908 959 1976 liberet3
982 1908 1034 1967 sed
1053 1929 1115 1968 rem
1131 1927 1192 1967 mere

116 2008 230 2066 civilem
249 2007 396 2085 perficere.
439 2008 523 2075 Quod
543 2011 569 2067 si
583 2019 681 2086 posset
694 2027 774 2066 suam
788 2008 930 2084 denegare
950 2027 1082 2085 operam,
1097 2029 1126 2067 re
1144 2009 1194 2067 aliis

111 2107 259 2183 judicibus
273 2107 437 2165 acatholicis
459 2109 609 2184 permissa,
624 2108 736 2166 videtur
753 2108 851 2166 teneri.
886 2107 969 2165 Idem
991 2107 1028 2166 de
1039 2108 1196 2186 legumlato

116 2206 193 2262 ribus
206 2204 371 2274 dicendum,
387 2204 532 2265 Catholici
553 2207 630 2265 enim
651 2226 767 2284 semper
785 2207 889 2266 debent
908 2206 1048 2284 suffragia
1071 2208 1195 2286 denegare

116 2303 226 2379 legibus
240 2305 344 2375 quibus
358 2302 511 2364 divortium
524 2306 632 2364 vinculi
646 2307 780 2365 sancitur.

400 2537 425 2612 §.
447 2537 488 2596 11.
531 2537 579 2596 De
599 2557 695 2596 rnonr
715 2555 931 2596 seranarronu.

161 2730 227 2783 115.
250 2725 413 2785 Divortium
435 2747 452 2785 a
471 2727 553 2785 thoro
573 2727 650 2794 licet,
672 2736 700 2784 et
722 2725 837 2799 quidem
861 2736 1044 2801 perpetuum,
1065 2728 1102 2785 ob
1115 2728 1201 2785 alteru·

119 2827 187 2882 trius
202 2827 341 2884 consortis
371 2825 558 2895 adulterium3
590 2826 707 2884 Christo
734 2827 811 2884 enim
834 2824 954 2882 docente
982 2826 1051 2884 licet
1073 2827 1201 2885 dimittere

119 2924 285 2993 adulteram,
298 2935 328 2982 et
341 2945 392 3002 par
401 2928 450 3004 jus
464 2936 508 2984 est
521 2927 604 2984 uxori
624 2945 640 2982 a
662 2926 722 2983 viro
743 2925 869 2982 adultero
895 2923 1059 2992 recedendi,
1082 2944 1166 2998 quum
1178 2925 1201 2982 in

118 3042 149 3080 re
166 3026 263 3082 marita
276 3027 413 3103 conjuges
428 3045 510 3103 pares
524 3027 590 3083 sint.
631 3024 774 3097 Equidem
786 3025 904 3081 maritus
918 3033 1014 3099 potest
1025 3026 1110 3084 uxori
1123 3025 1201 3102 preni-

118 3125 186 3180 tenti
202 3133 229 3180 et
242 3124 399 3182 emendatae
414 3127 580 3202 ignoscere;
602 3124 653 3182 scd
673 3143 772 3200 parum
792 3124 933 3199 sapienter
947 3124 1080 3182 toleraret
1093 3143 1202 3201 peccan-

119 3231 192 3278 tem:
215 3242 280 3280 nam
304 3232 323 3258 ‘⁴
334 3225 382 3296 qui
398 3234 473 3282 tenet
487 3224 652 3291 adulteram,
667 3224 769 3281 stultus
783 3233 868 3280 estet
882 3220 1040 3298 impius.'’¹
1081 3225 1202 3283 Attamen

118 3318 200 3376 facile
211 3331 364 3378 excusatur
373 3322 399 3378 si
409 3341 470 3381 eam
486 3324 562 3399 apud
572 3343 603 3381 se
614 3324 741 3392 retineat,
754 3323 789 3380 ad
799 3322 941 3380 vitandam
953 3322 1043 3398 prolis
1054 3324 1203 3388 infamiam,

118 3426 146 3473 et
171 3436 253 3493 spem
280 3418 380 3476 fovens
401 3439 464 3477 eam
491 3420 696 3498 corrigendam.
740 3420 816 3480 Rari)
845 3433 939 3480 tamen
961 3421 1149 3482 adducendus
1168 3432 1204 3480 est

119 3518 235 3574 maritus
256 3517 398 3594 precibus,
419 3519 465 3575 vel
485 3520 613 3578 consiliis
633 3521 816 3597 importunis,
837 3530 868 3578 nt
880 3539 944 3581 cum
959 3539 1051 3578 uxore
1065 3519 1204 3599 poenitenti

118 3627 219 3695 pergat
231 3617 347 3686 versari,
369 3618 524 3694 praesertim
540 3620 563 3677 ai
579 3619 642 3677 aliis
663 3619 816 3679 innotuerit
829 3619 985 3678 delictum:
1007 3639 1075 3680 nam
1090 3624 1204 3698 plerum·

118 3736 173 3790 que
188 3720 228 3777 rei
243 3719 379 3777 memoria
391 3719 469 3776 rixas
483 3720 614 3778 suscitat:
637 3730 664 3776 et
677 3722 860 3796 poenitentem
871 3722 972 3778 iterum
986 3722 1123 3798 excipere
1137 3719 1205 3779 nulla

118 3815 182 3895 lege
196 3820 366 3896 praecipitur.
409 3819 493 3877 Uxor
506 3820 616 3878 facilius
639 3819 770 3898 injuriam
792 3819 945 3888 condonat,
967 3820 1015 3877 cui
1035 3819 1204 3880 suadendum

117 3926 171 3983 est,
186 3920 243 3976 nisi
257 3919 382 3986 morbus,
403 3919 449 3976 vel
471 3921 521 3987 rei,
536 3920 581 3977 vel
595 3919 708 3977 familiae
724 3920 835 3997 jactura
848 3937 885 3976 ex
898 3919 982 3978 venia
995 3920 1151 3987 immIneat,
1165 3914 1204 3976 rel

118 4018 211 4074 mariti
225 4018 386 4076 emendatio
407 4037 445 4076 ex
464 4019 570 4078 duriori
584 4018 687 4097 agendi
700 4021 809 4077 ratione
829 4018 1030 4078 verosimiliter
1043 4027 1204 4096 proventura

117 4113 174 4169 sit:
197 4117 273 4187 quod
288 4113 351 4176 rard
366 4137 481 4194 sperare
494 4119 571 4177 licet.
603 4119 649 4177 Ob
663 4119 824 4178 sodomiam
837 4119 883 4176 vel
896 4117 1107 4187 bestialitatem,
1122 4117 1204 4174 divor·

536 4319 579 4386 (l)
598 4319 671 4370 Prov.
679 4320 746 4370 xviii.
758 4325 799 4370 22.
