2640 4860
171 403 232 461 ato
430 395 486 455 DE
510 392 695 455 MUNERE
717 391 1006 454 CONFESSARII.

171 566 218 623 sui
238 562 326 622 officii
346 562 501 638 interrogat
519 561 555 619 de
575 562 611 618 iis
631 579 694 633 qure
708 559 743 618 ad
758 559 861 637 judicii
873 559 997 619 valorem
1016 558 1180 618 necessaria
1200 569 1261 618 sunt

172 664 265 730 scitua
287 674 315 719 et
334 661 478 719 charitatis
500 680 579 736 ergo,
595 659 710 738 adjuvat
730 660 912 737 poenitentem
925 669 957 717 ut
975 659 1132 736 perfectius
1152 677 1262 716 accusa·

174 763 280 820 tionem
294 761 339 818 sui
353 760 446 818 saciat.
489 761 547 826 Qui
560 760 693 818 cultiores
707 768 783 826 sunt,
797 768 825 816 et
838 778 891 817 sua
909 759 1007 817 munia
1025 759 1096 816 satis
1117 757 1223 825 edocti,
1236 767 1262 816 et

173 863 224 934 qui
238 879 316 935 sape
337 860 517 927 confitentur,
529 878 586 916 non
606 870 674 916 sunt
693 859 860 935 plerumque
880 857 1081 934 interrogandi,
1097 875 1186 930 quum
1200 875 1261 915 cen·

173 959 294 1018 sendum
309 961 347 1017 sit
366 978 416 1016 eos
437 959 576 1030 quidquid
596 959 757 1016 necessario
777 956 930 1015 dicendum
949 967 1003 1024 est,
1017 965 1122 1032 sponte
1142 955 1260 1013 referre:

174 1059 225 1117 sed
239 1057 335 1126 rudes,
350 1059 398 1131 qui
413 1059 461 1115 vix
481 1076 606 1130 unquam
628 1055 787 1114 dimittendi
801 1066 868 1115 sunt
879 1064 911 1113 ut
923 1056 1057 1114 examine
1071 1074 1104 1113 se
1118 1064 1218 1132 parent
1230 1054 1262 1112 ad

173 1158 379 1226 confitendum,
398 1157 443 1214 vel
463 1158 511 1229 qui
535 1157 582 1215 diu
606 1155 761 1223 abluerant,
777 1155 822 1213 vel
842 1157 893 1229 qui
906 1155 989 1213 malis
1007 1153 1260 1213 consuetudinibus

175 1258 312 1334 implicati
338 1266 502 1323 noscuntur,
523 1274 668 1332 opemque
696 1265 827 1327 quoerunt
847 1256 978 1320 amicam,
999 1253 1263 1330 interrogationibus

174 1356 328 1434 adjuvandi
354 1364 429 1413 sunt.
473 1356 506 1413 ln
533 1356 600 1412 vitio
626 1354 745 1413 luxuriae
771 1353 931 1430 indagando
952 1371 1025 1429 opus
1047 1362 1091 1410 est
1117 1351 1264 1429 prudentia

174 1474 277 1531 magna
302 1464 331 1511 et
357 1455 467 1529 peritia,
487 1464 518 1511 ut
542 1454 619 1511 virus
639 1453 802 1510 extrahatur
821 1472 837 1511 e
858 1453 983 1519 vulnere,
1004 1453 1073 1523 quin
1095 1452 1264 1528 periclitetur

176 1555 281 1621 anima,
296 1554 341 1611 vel
355 1552 460 1624 aliquid
474 1554 573 1610 subeat
584 1552 755 1610 detrimenti.
797 1553 856 1610 Pro
870 1551 1035 1628 poenitentis
1049 1550 1224 1617 conditione,
1238 1559 1263 1606 et

174 1654 348 1712 conscientia
364 1654 425 1729 jam
446 1654 586 1728 exposita,
602 1650 815 1728 interrogandus
835 1661 897 1708 est:
920 1651 969 1723 qui
989 1651 1068 1708 enim
1089 1669 1122 1708 se
1143 1650 1264 1727 turpium

175 1752 377 1828 cogitationum
390 1752 569 1816 incusaverit,
580 1752 683 1828 poterit
695 1752 870 1828 interrogari,
879 1760 972 1808 utrum
983 1760 1011 1808 et
1024 1769 1114 1826 prava
1127 1748 1264 1807 desideria

174 1851 266 1909 libens
280 1851 443 1909 admiserit:
465 1852 514 1923 qui
528 1869 616 1926 pravo
629 1852 813 1909 consortiose
824 1869 907 1908 usum
921 1867 984 1908 esse
996 1850 1124 1926 agnovit,
1134 1850 1164 1907 in
1177 1848 1265 1924 suspi-

174 1951 287 2008 cionem
300 1969 331 2008 se
345 1951 437 2027 injicit
456 1949 594 2007 foedorum
609 1959 742 2016 tactuum,
756 1950 803 2007 vel
816 1949 912 2007 forsan
932 1949 1103 2007 concubitus
1115 1968 1124 2016 ;
1145 1948 1264 2020 ideoque

174 2048 250 2108 lente
261 2062 289 2107 et
299 2061 381 2107 caute
391 2048 606 2124 interrogandus
615 2049 676 2106 erit.
702 2047 849 2116 Juniores,
860 2049 1018 2125 presertim
1030 2048 1157 2116 seminae,
1168 2065 1266 2123 magna

175 2167 242 2206 curn
256 2148 366 2206 cautela
381 2146 517 2205 tractandi
530 2155 607 2213 sunt,
621 2165 658 2205 ne
672 2147 810 2222 peccandi
823 2148 961 2206 rationem
974 2146 1133 2214 addiscant,
1147 2147 1194 2204 vel
1207 2164 1265 2222 pra·

175 2265 242 2304 vum
258 2246 365 2317 aliquid
379 2244 414 2302 de
434 2245 611 2303 confessario
632 2248 822 2320 suspicentur.
865 2254 884 2282 ‘⁶
897 2245 1026 2304 Caveat”
1042 2246 1136 2319 inquit
1155 2244 1264 2303 Rituale

176 2345 349 2410 Romanurn,
366 2350 385 2378 ‘⁶
395 2361 431 2399 ne
445 2343 565 2401 curiosis
586 2345 853 2422 interrogationibus
873 2363 1035 2417 quenquam
1049 2345 1187 2412 detineat,
1201 2361 1267 2419 prae·

176 2443 275 2501 sertim
295 2443 426 2519 juniores
443 2441 479 2498 de
500 2461 535 2499 eo
556 2443 634 2514 quod
657 2443 788 2518 ignorant
808 2443 1002 2519 imprudenter
1021 2443 1214 2519 interrogans,
1231 2459 1266 2500 ne

175 2560 294 2619 peccare
316 2539 459 2600 discant.‘'
501 2541 675 2614 Plerumque
696 2551 810 2617 praestat
829 2541 951 2599 deficere
972 2543 1001 2599 in
1023 2543 1169 2611 examine,
1185 2559 1267 2614 quarn

176 2651 358 2719 peecatorum
374 2642 508 2717 indagine
522 2642 697 2708 accuratiori,
710 2642 866 2715 poenitenti,
881 2641 1040 2718 praesertim
1054 2640 1089 2698 ad
1104 2641 1192 2700 fidem
1205 2658 1268 2698 con·

178 2760 272 2808 verso,
288 2743 468 2799 occasionem
484 2741 645 2798 tentationis
658 2740 795 2816 praebere,
811 2741 941 2812 quamvis
955 2741 1005 2813 qui
1018 2740 1188 2798 confessarii
1201 2739 1269 2815 petit

178 2859 264 2916 opem
277 2850 309 2898 ut
322 2841 424 2898 clarius
438 2859 489 2897 sua
509 2850 634 2915 exponat
653 2848 769 2916 peccata
788 2841 825 2897 sit
845 2839 1033 2917 adjuvandus.
1076 2839 1123 2898 De
1144 2838 1268 2898 moribus

178 2940 297 2997 aliorum
311 2960 376 2998 curn
392 2940 495 3011 quibus
516 2952 641 2996 versatur
660 2939 801 3015 poenitens
815 2939 887 2997 nihil
907 2949 951 2996 est
969 2938 1181 3012 exquirendum
1201 2956 1267 2996 curn

176 3039 260 3097 famae
275 3058 372 3098 eorum
388 3038 550 3114 dispendio.

216 3142 287 3194 216.
310 3138 431 3203 Quando
451 3137 640 3195 confessarius
661 3156 698 3194 ex
721 3137 835 3212 propria
854 3136 972 3194 scientia
991 3135 1068 3195 certd
1083 3137 1164 3195 novit
1180 3136 1269 3213 poeni·

178 3236 261 3294 tentis
277 3247 436 3310 peccatum,
451 3236 526 3308 quod
541 3235 701 3293 confitendo
715 3237 828 3302 omittit,
838 3235 922 3293 debet
935 3253 1000 3293 eum
1014 3236 1198 3311 interrogare,
1212 3233 1267 3291 nisi

178 3334 361 3410 probabiliter
375 3335 590 3391 existimeteum
599 3334 668 3391 illud
682 3335 760 3392 alteri
767 3336 830 3411 jam
841 3334 1004 3392 consessum
1017 3352 1093 3401 esse,
1103 3334 1150 3391 vel
1162 3333 1265 3390 habere

173 3433 281 3508 justam
296 3451 410 3489 causam
424 3432 552 3488 tacendi:
567 3450 621 3488 nec
632 3432 708 3490 'enim
720 3435 822 3508 poterit
834 3433 979 3491 absolvere
994 3451 1079 3505 quern
1094 3433 1176 3490 novit
1188 3449 1266 3489 reum

177 3549 241 3587 esse
256 3531 375 3606 peccati,
390 3529 468 3602 quod
479 3531 599 3606 negligit
608 3533 746 3589 confiteri.
789 3531 874 3597 Quod
889 3532 914 3588 si
927 3532 1026 3589 notitia
1035 3550 1072 3588 ex
1087 3531 1268 3589 confessione

178 3629 293 3688 alterius
321 3629 445 3687 derivata
465 3631 513 3699 sit,
528 3648 561 3686 ea
580 3630 622 3686 uti
648 3649 706 3688 non
722 3640 816 3705 potest
841 3631 1032 3688 confessarius
1058 3649 1126 3687 cum
1156 3628 1269 3702 aliquali

178 3730 359 3788 revelationis
374 3730 513 3807 periculo,
527 3730 658 3802 quamvis
672 3730 757 3787 liceat
766 3732 807 3787 rei
821 3731 967 3788 veritatem
981 3729 1138 3805 expiscari,
1153 3730 1268 3788 interro·

178 3830 272 3909 gando
289 3830 326 3888 de
339 3831 374 3889 iis
389 3832 418 3889 in
434 3849 496 3903 quae
510 3829 642 3888 homines
663 3829 692 3887 in
706 3828 808 3887 iisdem
822 3847 916 3886 rerum
937 3828 1079 3904 adjunctis
1100 3827 1268 3904 plerumque

178 3930 318 3998 labuntur,
333 3950 369 3988 v:
384 3950 419 4007 g:
441 3939 535 3988 utrum
549 3948 615 3986 curn
636 3946 744 4004 sponsa
763 3937 852 3986 tactus
872 3927 1002 3986 habuerit
1020 3927 1195 4008 impudicos.
1235 3923 1265 3981 Si

178 4039 278 4105 pergat
291 4048 403 4106 negare,
415 4028 493 4087 nullo
507 4028 593 4086 modo
607 4027 690 4085 debet
702 4026 893 4084 confessarius
908 4027 1079 4100 quaestiones
1090 4026 1265 4104 importunas

178 4124 281 4192 facere,
297 4146 334 4184 ex
355 4129 457 4198 quibus
478 4127 592 4184 alterius
606 4125 749 4183 consessio
763 4127 939 4198 aliquatenus
953 4127 1131 4195 innotescat3
1154 4123 1264 4183 seduco

178 4233 289 4298 oportet
302 4244 366 4282 eum
388 4227 545 4293 absolvere,
560 4246 648 4299 quum
669 4225 804 4303 indignus
818 4226 902 4303 plane
916 4226 963 4282 sit.
1003 4224 1051 4282 Eo
1065 4243 1135 4283 casu
1149 4218 1264 4283 consulit

179 4319 211 4376 S.
226 4320 403 4397 Alphonsus,
417 4332 447 4381 ut
460 4325 568 4398 aliquid
577 4337 638 4383 oret
651 4324 686 4382 ad
698 4325 894 4384 occultandam
903 4323 1129 4382 absolutionem:
1144 4315 1261 4382 cavenda
