2640 4860
149 376 186 431 16
329 368 387 432 DE
407 366 717 432 Mtutsruaums
738 365 1052 428 SACRAMENTIS.

1110 505 1120 535 t

583 828 725 889 CAPUT
745 828 799 888 IV.

386 1074 389 1078 -
436 1047 475 1087 DE
495 1045 709 1087 mutsrttsrtms
729 1042 945 1094 saumarius.

188 1211 237 1266 31.
260 1206 392 1264 Graviter
404 1224 522 1283 peccare
540 1207 701 1265 ministrum
722 1205 772 1278 qui
791 1202 916 1281 indignis
936 1210 1113 1260 sacramenta
1132 1209 1238 1260 temere

149 1315 273 1382 prestat,
293 1305 414 1363 dubitari
433 1306 541 1377 nequit,
568 1305 680 1363 dicente
702 1302 837 1362 Christo:
864 1301 993 1360 “Nolite
1019 1311 1148 1360 sanctum
1172 1299 1240 1359 dare

149 1406 266 1464 canibus
277 1400 323 1473 ;’'¹
336 1412 364 1461 et
376 1404 534 1481 Apostolo:
557 1404 645 1463 “Hic
661 1404 723 1481 jam
744 1403 877 1476 quaeritur
896 1401 969 1458 inter
981 1399 1196 1477 dispensatores
1209 1409 1242 1458 ut

148 1503 242 1563 fidelis
263 1504 327 1577 quis
350 1497 559 1561 inveniatur.”²
599 1502 743 1561 Ceterum
765 1521 823 1561 non
842 1500 941 1559 eadem
955 1500 985 1558 in
998 1501 1133 1559 omnibus
1147 1518 1241 1557 sacra·

150 1604 255 1662 mentis
281 1602 407 1677 exigitur
433 1602 468 1660 de
493 1602 630 1680 dignitate
656 1602 777 1679 petentis
803 1600 952 1659 certitudo.
1006 1600 1040 1658 In
1067 1600 1242 1676 poenitentiae

151 1699 293 1768 tribunali,
315 1719 404 1773 quum
427 1700 559 1761 sacerdos
580 1701 688 1780 judicis
709 1700 805 1759 officio
830 1700 973 1777 fungatur,
994 1707 1103 1758 mature
1124 1717 1157 1756 ac
1177 1718 1244 1777 pru·

151 1799 250 1859 denter
283 1800 368 1858 debet
392 1803 511 1861 scmtari
537 1802 699 1879 penitentis
726 1801 863 1868 animum,
891 1808 1042 1872 antequam
1069 1799 1243 1857 sententiam

151 1901 336 1960 absolutionis
350 1901 481 1978 proferat.
523 1902 558 1960 In
578 1902 641 1959 aliis
664 1900 847 1958 sacramentis
871 1898 1015 1976 prudentis
1035 1897 1243 1973 dispensatoris

151 2000 278 2060 officium
291 2001 470 2077 implendum
484 2009 538 2067 est,
553 1998 631 2071 quod
644 2007 720 2056 vetat
732 2015 767 2054 ne
781 1998 895 2074 publice
909 1997 1035 2075 indignis
1050 1997 1163 2056 dentur.

192 2105 242 2158 32.
264 2098 383 2156 Publice
396 2078 508 2175 indigni
521 2106 587 2154 sunt
598 2097 634 2154 de
649 2115 772 2171 quorum
790 2097 955 2178 criminibus
978 2098 1146 2174 poenitentia
1166 2096 1245 2156 haud

153 2197 271 2257 sublatis
291 2195 410 2253 omnino
430 2205 550 2263 constat,
571 2197 669 2254 velex
682 2181 797 2274 judicis'
808 2176 966 2265 sententia)
979 2196 1025 2254 vel
1037 2196 1077 2254 rei
1091 2195 1244 2264 evidentia,

154 2297 199 2354 vel
225 2294 302 2353 sama
327 2296 475 2353 communi
494 2305 522 2353 et
541 2304 627 2354 certa.
669 2295 727 2363 Qui
746 2295 842 2372 palam
868 2295 1056 2369 deliquemnt‚
1083 2295 1246 2355 confitendo

154 2393 286 2452 videntur
298 2392 424 2452 animum
436 2396 619 2471 poenitentem
630 2395 749 2473 prodere
761 2415 768 2452 :
783 2396 833 2454 sed
847 2397 877 2454 in
887 2395 1063 2472 gravissimis
1077 2396 1244 2463 sceleribus,

155 2511 218 2566 quoe
244 2493 437 2562 innotuerunt,
458 2497 566 2573 majora
592 2495 698 2554 doloris
719 2494 824 2553 indicia
848 2495 1017 2572 plerumque
1038 2492 1244 2554 desiderantur.

155 2593 189 2651 Si
205 2593 313 2651 crimen
333 2592 371 2650 sit
389 2602 508 2663 certum,
531 2603 560 2653 et
578 2594 663 2654 dubia
676 2594 852 2672 poenitentia,
867 2604 999 2670 peccator
1011 2594 1144 2670 publicus
1157 2595 1247 2673 repel-

154 2692 257 2751 lendus
277 2702 330 2761 est,
351 2693 443 2752 donee
468 2693 504 2751 de
526 2693 724 2753 emendatione
744 2694 812 2750 satis
838 2701 965 2751 constet:
987 2693 1064 2767 quod
1090 2692 1246 2753 dicendum

156 2793 269 2850 etiamsi
283 2793 391 2851 crimen
403 2793 518 2852 nonnisi
531 2811 583 2871 per
595 2793 700 2852 indicia
712 2793 893 2851 vehementia
905 2793 1072 2851 innotescat.
1115 2793 1245 2852 Dubium

156 2891 264 2950 crimen
278 2910 336 2950 non
349 2891 453 2951 sufficit
470 2901 502 2950 ut
521 2902 730 2952 sacramentum
751 2892 922 2969 denegetur3
944 2890 1037 2950 sedin
1052 2893 1256 2962 matrimonio‚.

157 2993 183 3050 si
196 2991 433 3069 impedimentum
446 3011 544 3051 secum
559 2994 658 3062 trahat,
679 3002 723 3051 est
741 2993 813 3052 ratio
833 3010 883 3050 cur
896 2991 1042 3051 differatur
1055 2990 1090 3049 ad
1104 2991 1248 3066 inquiren·

156 3089 241 3148 dum:
264 3090 339 3162 quod
353 3091 429 3149 etde
442 3091 541 3150 ordine
554 3092 706 3153 dicendum
720 3102 773 3150 est.

197 3190 246 3244 33.
269 3186 360 3246 Nullo
373 3198 461 3257 metu,
475 3191 560 3247 etiam
574 3191 683 3258 mortis,
697 3190 764 3247 licet
776 3199 985 3249 sacramentum
999 3189 1113 3268 publice
1128 3191 1248 3268 indigno

157 3285 315 3343 ministrare
327 3279 350 3353 ;3
370 3305 435 3344 nam
449 3286 568 3364 infidum
581 3288 806 3366 dispensatorem
828 3306 859 3345 sc
879 3289 982 3366 prodit,
994 3290 1043 3364 qui
1057 3290 1111 3348 sibi
1125 3291 1248 3349 consulit

158 3402 224 3442 cum
236 3385 363 3443 muneris
377 3386 421 3443 sui
434 3385 595 3463 dispendio.
637 3389 681 3447 Ita
700 3388 786 3445 sentit
805 3388 837 3444 S.
860 3388 1028 3465 Alphonsus
1049 3399 1149 3448 contra
1162 3391 1244 3449 alios.

159 3482 238 3541 Hinc
263 3484 387 3559 principi
406 3485 503 3542 uxoris
524 3487 641 3545 nomine
666 3470 797 3546 retinenti
823 3488 984 3556 mulierem,
1004 3488 1132 3565 legitima
1157 3507 1246 3548 uxore

158 3582 279 3659 abjecta,
295 3581 476 3642 Eucharistia
495 3585 647 3661 praebenda
666 3606 725 3646 non
739 3587 820 3652 foret,
840 3587 909 3646 licet
928 3586 1062 3646 sacerdos
1079 3588 1249 3665 praevideret

159 3664 313 3742 seidcirco
328 3682 564 3743 interficiendum.

199 3785 249 3842 34.
272 3781 394 3842 Ordines
408 3802 504 3842 sacros
517 3783 700 3861 denegandos
714 3786 855 3863 peccatori
875 3785 987 3843 occulto
1007 3785 1121 3862 publice
1141 3787 1250 3863 petenti

160 3879 243 3940 docet
268 3883 300 3942 S.
329 3882 508 3960 Alphonsus‚
535 3882 648 3957 quando
674 3884 791 3953 scilicet,
818 3894 898 3942 extra
922 3883 1145 3952 consessionem,
1171 3885 1251 3944 novit

160 3980 313 4057 episcopus
334 4001 401 4041 eum
423 4003 487 4043 esse
513 3963 679 4062 indignum3
701 4002 767 4041 narn
787 3985 925 4061 episcopo
944 3983 1101 4062 injungitur
1125 3991 1157 4042 ut
1184 3983 1250 4043 “de

160 4075 290 4150 ipsorum
317 4081 537 4143 ordinandorum
563 4082 712 4151 natalibus,
735 4091 826 4151 aetate,
852 4082 979 4143 moribus
1005 4093 1034 4141 et
1059 4083 1127 4152 vita,
1149 4102 1166 4140 a
1191 4082 1250 4143 tide

330 4247 368 4307 (1)
386 4247 446 4298 Mat
457 4250 499 4302 vii.
511 4253 534 4302 6.
856 4254 893 4314 (2)
919 4253 930 4298 1
944 4249 1002 4302 Gor.
1013 4249 1045 4299 iv.
1057 4251 1081 4298 2.

543 4337 585 4404 (3)
605 4335 631 4385 S.
642 4335 718 4403 Alpb.
728 4335 776 4392 lvi·
786 4351 812 4386 n.
822 4337 865 4385 49.
