2640 4860
471 376 528 435 DE
550 376 846 438 SPONSALIBUS.
1143 388 1203 445 tet

111 542 258 620 sponsalia
277 560 332 601 suo
354 542 470 601 nomine
489 551 518 600 et
537 560 681 603 consensu
699 542 773 603 sacta
784 553 849 602 ante
862 544 1063 620 pubertatem.l
1104 547 1204 608 Frater

110 641 157 700 vel
170 659 253 701 soror
265 641 365 714 nequit
376 659 430 700 suo
443 659 586 701 consensu
596 642 684 719 ligare
697 660 827 702 sororem
839 643 885 702 vel
898 644 1012 705 fratrem
1028 645 1200 707 adstantem:

111 759 179 800 nam
189 743 240 818 jus
253 739 283 799 id
296 740 420 816 speciale
434 740 470 800 de
484 742 648 818 parentibus
662 741 767 800 statuit.

153 843 203 897 11.
224 838 282 905 Qui
295 839 418 915 puberes
430 839 497 899 facti
509 849 586 908 suut,
607 848 660 898 suo
680 840 766 899 veluti
775 841 842 918 jure
854 840 1000 918 sponsalia
1012 843 1200 905 contrabuntt

110 949 235 997 attamen
249 938 420 1011 obsequium
442 940 605 1015 parentibus
625 937 751 997 debitum
770 940 861 1015 exigit
873 950 904 999 ut
916 959 1015 1000 eorum
1028 943 1161 1003 voluntas
1173 953 1204 1003 ot

111 1055 271 1096 comeusus
285 1037 459 1111 exquiratur.
501 1037 623 1096 Constat
642 1035 757 1110 quidem
777 1038 982 1115 exscriptoris
995 1059 1045 1099 eos
1064 1041 1095 1100 in
1108 1042 1203 1101 matri·

109 1137 217 1195 moniis
238 1136 423 1195 conciliandis
445 1137 602 1214 precipuas
622 1154 738 1213 semper
750 1137 845 1213 egisse
859 1148 970 1214 partes:
991 1137 1068 1213 quod
1081 1148 1110 1198 et
1122 1157 1201 1199 com·

109 1234 248 1294 mendant
259 1235 388 1311 plurimae
402 1236 551 1294 utilitates:
572 1235 622 1294 sed
637 1245 666 1294 et
678 1236 726 1293 lex
739 1235 843 1305 civilis,
858 1255 915 1311 qua
927 1238 1062 1314 regimur,
1077 1247 1153 1298 vetat
1165 1256 1201 1297 ne

110 1335 217 1410 nuptiae
238 1334 369 1393 ineantur
390 1354 407 1392 a
427 1334 584 1392 minoribus
608 1344 698 1402 atate,
722 1335 830 1407 absque
852 1344 1002 1411 parentum
1015 1337 1114 1395 veum:
1142 1354 1200 1409 quo

109 1442 195 1508 pacto
208 1441 237 1492 et
249 1434 395 1509 sponsalia
408 1433 493 1491 vetita
506 1433 646 1491 videntur.
689 1433 884 1493 salvatamen
897 1436 1058 1511 parentibus
1071 1452 1201 1494 reveren·

109 1533 157 1599 tia,
171 1532 297 1592 filiorum
310 1532 422 1590 libertas
444 1540 503 1590 tum
524 1533 554 1591 in
574 1531 707 1609 eligendo
727 1533 918 1600 matrimonio,
933 1533 979 1591 vel
991 1533 1133 1602 coelibatn,
1147 1552 1202 1611 pro

109 1628 210 1700 lubito,
225 1641 284 1690 tum
295 1633 325 1690 in
339 1632 461 1708 conjuge
475 1631 631 1708 seligenda,
646 1629 814 1689 vindicanda
827 1641 888 1689 est:
904 1639 924 1667 “
934 1630 1045 1709 pater,’'
1060 1633 1153 1706 inquit
1166 1632 1198 1692 S.

110 1728 254 1797 Thomas,
278 1739 298 1766 “
309 1749 367 1790 non
380 1739 476 1805 potest
497 1749 601 1808 cogere
614 1730 705 1786 filium
726 1728 761 1786 ad
784 1731 996 1790 matrimonium
1009 1750 1062 1808 per
1074 1750 1201 1809 pracep-

110 1837 181 1914 tum,
196 1827 248 1887 sed
261 1838 355 1905 potest
367 1846 432 1886 eum
445 1828 580 1887 inducere
593 1848 631 1886 ex
651 1826 811 1886 rationabili
832 1847 935 1897 causa;
959 1837 987 1886 et
1000 1839 1067 1889 tunc
1080 1831 1155 1889 sicut
1167 1850 1199 1889 se

110 1927 197 1986 habet
207 1927 284 1986 filius
299 1926 333 1984 ad
346 1945 462 1986 causam
476 1926 564 1995 illam,
579 1928 617 1985 ita
630 1945 661 1985 se
675 1926 760 1984 babet
770 1924 805 1982 ad
818 1936 993 2004 praeceptum
1007 1930 1113 2005 patris;
1134 1941 1163 1989 at
1175 1932 1200 1990 si

111 2024 159 2085 illa
173 2044 260 2086 cauea
273 2035 356 2104 cogat
367 2025 403 2084 de
413 2026 592 2092 necessitate,
603 2026 650 2083 vel
663 2025 698 2083 de
709 2024 865 2093 honestate,
876 2035 904 2083 et
912 2036 1087 2103 praeceptum
1100 2028 1201 2088 simili·

111 2137 152 2183 ter
173 2134 274 2202 cogat3
308 2124 377 2182 alias
403 2116 512 2182 non.''2
563 2124 739 2195 Plerumque
765 2122 839 2182 fiunt
864 2126 1011 2201 sponsalia
1036 2128 1201 2202 parentibus

112 2224 221 2291 insciis,
235 2242 356 2298 quorum
372 2224 439 2301 jura
451 2224 574 2300 graviter
587 2222 713 2298 infringi,
723 2238 775 2298 pro
796 2225 924 2282 moribus
946 2225 1061 2292 nostris,
1082 2227 1131 2284 vix
1145 2225 1201 2285 dici

112 2330 243 2399 possunt,
255 2322 378 2394 ideoque
391 2342 407 2379 a
420 2321 498 2398 gravi
511 2330 639 2398 peccato,
661 2321 792 2393 quamvis
808 2321 884 2381 haud
897 2323 932 2380 ab
944 2324 1023 2382 omni
1036 2323 1132 2401 culpa,
1147 2342 1197 2383 ex·

112 2429 244 2480 eusantur
255 2420 440 2498 spondentes,
453 2421 478 2477 si
492 2420 564 2477 nihil
577 2418 690 2478 aliunde
704 2429 831 2477 occurrat
843 2421 1121 2497 reprehendendum.

151 2523 200 2578 12.
222 2518 375 2597 Sponsalia
388 2519 520 2577 ineuntur
539 2518 692 2590 aliquando
711 2517 939 2587 interabsentes,
960 2538 1011 2596 per
1023 2520 1141 2588 litteras,
1156 2522 1202 2579 vel

112 2636 161 2694 per
180 2625 400 2694 procuratorem,
421 2636 488 2676 nam
515 2625 653 2675 “constat
678 2624 707 2675 et
733 2615 842 2675 absenti
862 2618 1007 2675 absentem
1027 2616 1201 2694 desponderi

111 2707 247 2792 posse.”³
287 2717 321 2774 Si
340 2716 520 2794 sponsalibus
540 2717 666 2775 conditio
686 2715 818 2790 apposita
837 2715 931 2784 suerit,
946 2724 1009 2773 ante
1022 2733 1086 2774 earu
1099 2716 1200 2792 imple·

111 2823 166 2874 tam
186 2815 424 2892 impedimentum
444 2833 502 2873 non
524 2810 671 2891 pariunt2¹
685 2813 736 2871 sed
750 2813 944 2890 expectandus
958 2814 1055 2872 estrei
1068 2823 1199 2873 eventus.

112 2913 160 2972 Sic
174 2933 239 2989 qnae
252 2914 407 2993 spopondit
419 2933 451 2972 se
474 2923 624 2990 nupturam
645 2914 718 2980 viro,
739 2913 764 2969 si
787 2914 860 2970 intra
879 2913 1025 2971 biennium
1045 2911 1200 2982 advenerit,

111 3011 193 3073 debet
205 3023 295 3074 totum
310 3013 381 3072 illud
394 3013 532 3089 temporis
547 3014 671 3089 spatium
683 3019 835 3087 expectare
848 3012 911 3089 ejus
925 3011 1094 3070 adventum:
1109 3012 1161 3071 sed
1174 3013 1201 3070 si

111 3112 222 3172 interim
236 3113 313 3171 fratri
325 3114 387 3190 ejus
401 3113 539 3189 nupserit,
561 3112 637 3170 valet
656 3110 878 3169 matrimonium.
920 3111 953 3169 Si
967 3111 1112 3169 mittantur
1124 3111 1200 3171 dona

112 3220 218 3281 mutua,
241 3212 384 3290 precipue
405 3211 538 3278 annulus,
560 3222 589 3269 et
608 3216 779 3286 acceptetur,
799 3209 931 3268 videntur
949 3209 1013 3270 fieri
1034 3210 1198 3287 sponsalia:

112 3309 162 3371 sed
174 3312 325 3385 utriusque
338 3313 450 3371 animus
465 3310 540 3369 clare
553 3309 707 3388 significari
720 3307 813 3368 debet.

149 3414 198 3469 13.
221 3409 376 3487 Sponsalia
388 3408 541 3484 aliquando
554 3410 627 3469 fiunt
639 3408 754 3486 publice
769 3426 864 3468 coram
878 3408 1005 3487 parocho
1018 3419 1047 3468 et
1060 3412 1181 3469 testibus
1193 3429 1201 3478 ;

111 3507 160 3567 sed
180 3509 260 3569 nulla
282 3509 449 3588 hujusmodi
463 3509 628 3567 solemnitas
642 3509 769 3585 exigitur
787 3514 819 3566 ut
838 3508 957 3577 valeant,
971 3528 1039 3567 nam
1066 3517 1086 3545 ‘⁴
1096 3509 1202 3568 sufficit

112 3607 203 3666 nudus
217 3626 375 3668 consensus
396 3609 431 3668 ad
441 3606 640 3668 constituenda
652 3608 798 3683 sponsalia
808 3602 844 3664 :⁹⁵
863 3607 973 3665 etnibil
986 3609 1134 3666 innovavit
1146 3608 1199 3666 bac

112 3705 139 3765 in
152 3725 183 3764 re
197 3707 352 3767 concilium
366 3708 578 3767 Tridentinum.
621 3706 767 3766 Caeterum
781 3724 844 3777 quae
857 3705 957 3762 leviter
969 3714 997 3762 et
1010 3713 1116 3763 temere
1128 3705 1201 3763 fiunt

112 3806 327 3881 promissiones,
352 3827 411 3867 non
431 3815 498 3867 sunt
517 3806 695 3884 sponsalium
720 3807 810 3863 instar
829 3801 984 3867 habendae;
1005 3800 1056 3859 sed
1077 3801 1113 3859 de
1125 3803 1200 3861 seria

113 3904 255 3965 voluntate
269 3925 301 3965 se
314 3907 446 3982 utrinque
469 3905 613 3983 obligandi
633 3899 880 3968 constare-debet,
900 3909 933 3958 ut
953 3899 989 3957 iis
1008 3908 1085 3958 muta
1103 3901 1199 3958 inesse

114 4004 154 4063 ris
167 4014 346 4084 agnoscatur.

148 4166 190 4232 (l)
210 4163 242 4214 G.
254 4164 304 4214 viii
313 4164 343 4213 de
354 4164 421 4228 desp.
432 4165 491 4228 imp.
708 4160 750 4226 (2)
770 4157 800 4207 ln
812 4157 843 4207 iv.
855 4155 909 4206 dist.
921 4154 989 4204 xxix.
1001 4170 1042 4217 qu.
1053 4154 1069 4204 i.
1081 4161 1125 4204 art
1136 4156 1167 4204 iv.
1180 4188 1182 4193 -

149 4251 189 4317 (³)
209 4247 271 4312 Leg.
282 4249 314 4298 ir.
325 4248 355 4300 de
367 4247 483 4316 sponsal.
702 4245 745 4309 (4)
766 4242 797 4294 G.
807 4241 874 4292 unic.
885 4240 915 4292 dc
929 4237 1043 4308 Sponeel.
1053 4239 1080 4290 iu
1094 4242 1117 4288 6.

494 4334 536 4401 (5)
553 4331 612 4394 Leg.
623 4330 654 4380 iv.
666 4328 695 4381 de
705 4328 818 4398 Sponsol.
