2640 4860
108 348 147 404 54
461 341 518 400 DE
540 339 840 400 SPONSORIBUS.

110 513 239 570 doctores
264 509 370 579 requiri
392 507 547 585 physicum
567 518 738 577 contactum,
771 507 872 566 saltem
898 526 950 584 per
976 513 1193 584 procuratorem,

110 611 177 668 dum
198 609 355 683 baptismus
378 608 532 675 confertur,
554 608 601 665 vel
621 609 714 666 statim
736 617 844 685 postea,
865 606 989 665 levando
1010 606 1149 664 infantem
1167 601 1195 660 dc

111 710 199 775 sonte,
226 726 292 765 nam
314 709 363 784 jus
375 726 432 780 quo
453 706 687 783 impedimentum
707 707 896 774 constituitur,
916 705 1062 784 ejusmodi
1083 703 1195 762 vocibus

111 827 173 881 quae
187 815 349 865 contactum
363 807 527 884 significant
539 807 626 864 utitur
635 801 658 863 :¹
678 818 851 882 quapropter
870 807 921 879 qui
940 804 1031 863 adstat
1043 819 1074 862 et
1087 821 1198 878 respon·

110 907 168 975 det,
183 908 252 979 quin
267 919 393 983 apponat
405 925 531 974 manum,
546 924 603 963 non
617 915 749 963 censetur
761 923 894 982 sponsor.

151 1011 200 1064 50.
222 1006 463 1083 Impedimentum
477 1005 654 1082 cognationis
668 1005 822 1080 spiritualis
836 1004 1010 1062 contrahitur
1029 1024 1047 1061 a
1060 1002 1201 1080 sponsori-

110 1107 165 1164 bus
174 1107 249 1164 sicut
261 1116 291 1164 et
303 1126 320 1164 a
333 1107 504 1183 baptizante,
526 1104 620 1177 quoad
640 1104 811 1180 baptizatum
832 1104 928 1180 ipsum
948 1113 977 1161 et
999 1103 1077 1161 illius
1091 1113 1199 1180 patrem

111 1201 298 1264 etmstrem.²

150 1310 199 1364 til.
221 1306 256 1365 Iu
269 1307 378 1384 privato
391 1307 541 1382 baptismo,
555 1308 606 1378 qui
621 1306 652 1363 fit
665 1307 727 1364 sine
748 1284 937 1372 ceremoniis,
951 1323 1009 1362 non
1023 1303 1199 1363 contrabitur

112 1405 348 1482 impedimentum
374 1425 390 1463 a
409 1407 606 1481 sponsoribus,
623 1407 708 1482 juxta
727 1406 895 1464 seutentiam
922 1393 1154 1463 communiorem
1175 1409 1202 1458 et

112 1505 342 1581 probabiliorem,
353 1504 451 1581 judice
465 1504 497 1562 S.
512 1505 664 1581 Alphouso
674 1497 697 1561 :³
710 1505 777 1577 quia
785 1506 834 1582 jus
843 1504 967 1576 loquitur
977 1502 1013 1561 de
1027 1502 1201 1580 suscipiente

112 1621 149 1661 ex
169 1623 249 1663 sacro
272 1604 361 1671 sonte,
386 1603 462 1676 quod
485 1604 650 1681 intelligitur
669 1604 705 1662 de
725 1605 865 1680 baptismo
880 1603 1014 1661 solemni.
1057 1601 1201 1660 Caeterum

112 1702 350 1776 quandocumque
370 1703 442 1761 fiunt
454 1705 641 1772 caeremoniae,
662 1702 774 1762 ridetur
793 1702 932 1770 contrahi,
956 1703 1024 1775 quis
1043 1702 1202 1778 baptismus

111 1812 154 1859 est
167 1803 322 1861 solemnis:
344 1803 420 1876 quod
435 1814 528 1862 autem
542 1823 670 1882 persepe
690 1803 766 1880 apud
788 1821 852 1870 nos,
873 1821 937 1860 rnre
957 1802 1129 1879 presertim,
1144 1817 1202 1858 nou

111 1901 161 1960 fiat
183 1903 259 1979 apud
278 1921 391 1961 sacrum
412 1903 529 1971 sontem,
552 1923 611 1962 non
626 1905 727 1961 obstat.
770 1902 926 1979 Baptizans
947 1912 1042 1960 sutem
1066 1898 1203 1959 contrahit

111 2006 311 2079 cognationem
325 2003 409 2060 etiam
427 2002 456 2058 in
476 2004 587 2078 privato
610 1996 779 2078 baptismo.⁴
819 2002 956 2060 Parentes
975 2011 1072 2058 tamen
1097 2002 1202 2073 quiex

111 2105 281 2160 necessitate
295 2119 363 2159 suos
383 2101 528 2175 baptizant
548 2102 634 2169 filios,
658 2101 800 2158 immunes
825 2101 1032 2177 impedimento
1052 2099 1201 2163 habentur,

110 2217 178 2256 nam
199 2198 396 2274 “inculpabile
412 2198 598 2274 judicandum
608 2200 686 2272 quod
697 2201 853 2258 necessitas
868 2194 1010 2260 intulit.”⁵
1040 2197 1203 2277 Ignorantia

110 2298 195 2354 etiam
208 2315 258 2355 eos
272 2306 399 2354 excusat.
433 2297 556 2364 Quodsi
570 2310 675 2357 temere
689 2300 833 2376 baptizent
846 2319 913 2358 suos
927 2301 1062 2369 infantes,
1084 2303 1203 2376 peccant

109 2395 246 2472 graviter:
261 2395 311 2453 sed
319 2414 459 2454 canonum
472 2400 651 2472 antiquorum
663 2400 740 2475 rigor
752 2400 895 2476 mitigatus
908 2412 961 2468 est,
970 2398 1094 2471 ideoque
1110 2408 1129 2434 ‘⁶
1141 2399 1200 2456 sive

109 2512 146 2552 ex
161 2496 327 2572 ignorantia,
342 2497 402 2553 sive
416 2515 453 2554 ex
467 2497 573 2556 malitia
587 2498 614 2556 id
629 2499 756 2566 fecerint,
771 2518 828 2557 non
851 2510 919 2556 sunt
937 2501 971 2557 ab
991 2499 1117 2557 invicem
1138 2516 1200 2573 sep·

110 2594 218 2665 arandi,
239 2614 292 2655 nec
307 2596 376 2654 alter
395 2597 475 2655 alteri
496 2598 621 2656 debitum
641 2599 724 2656 debet
737 2593 951 2656 subtrahere.’'⁶
992 2598 1127 2658 Graviter
1139 2615 1201 2674 pro-

109 2695 241 2755 hibentur
261 2706 392 2774 parentes
417 2698 527 2774 prolem
550 2699 693 2774 propriam
719 2700 874 2775 suscipere,
903 2717 990 2770 quum
1017 2697 1202 2757 contrahatur

110 2796 266 2873 spiritualis
281 2799 424 2874 cognatio,
439 2815 501 2871 quae
516 2796 634 2874 impedit
645 2817 730 2856 usum
745 2791 945 2857 matrimonii.⁷
972 2799 1005 2856 Si
1018 2799 1115 2857 nullus
1130 2797 1201 2854 alius

110 2896 147 2953 sit
159 2897 209 2968 qui
222 2916 340 2956 munere
354 2897 403 2956 illo
416 2896 556 2975 fungatur,
571 2907 684 2974 praestat
697 2899 804 2970 absque
818 2917 957 2975 sponsore
970 2899 1128 2976 baptizare.

149 3001 198 3056 52.
220 2998 255 3056 ln
268 2999 410 3075 baptismo
431 2997 532 3056 collato
552 2998 606 3055 sub
626 2998 800 3081 conditione,
821 2998 870 3056 ubi
897 2997 1004 3055 “nulla
1023 3007 1108 3076 urget
1127 2995 1197 3055 ratio

110 3113 162 3170 pro
182 3097 277 3155 valore
303 3098 451 3155 anterioris
477 3096 642 3173 baptismi,”
671 3098 843 3156 contrahitur
863 3097 1007 3174 cognatio,
1035 3097 1104 3171 quia
1129 3113 1200 3173 prae·

109 3195 235 3270 sumptio
257 3195 335 3253 saret
355 3193 472 3252 secundi
492 3196 627 3270 baptismi
647 3195 751 3254 valori:
774 3215 856 3255 secus
878 3196 990 3255 videtur
1003 3195 1160 3262 nonnullis,
1175 3194 1200 3251 si

109 3294 294 3369 praesumptio
308 3293 400 3351 faveat
412 3293 509 3369 priori,
529 3295 570 3351 uti
591 3293 758 3370 plerumque
780 3295 927 3374 contingit,
948 3296 1076 3355 secundo
1096 3294 1200 3353 collato

110 3391 145 3448 ad
159 3393 296 3468 majorem
310 3382 513 3449 securitatem.⁸

149 3495 198 3548 53.
220 3491 253 3548 Si
266 3509 303 3547 ex
317 3508 412 3548 errore
426 3492 491 3564 quis
505 3493 663 3568 susceperit
672 3493 759 3552 aliurn
773 3514 825 3572 pro
839 3499 905 3564 alio,
917 3508 1017 3555 censet
1027 3497 1059 3554 S.
1071 3494 1202 3572 Alphon·

109 3608 247 3651 sussum
269 3589 441 3649 contrahere
459 3593 661 3668 cognationem
682 3613 747 3653 cum
771 3614 806 3654 eo
826 3617 913 3670 quem
936 3615 1038 3673 reapse
1060 3593 1199 3670 suscepit,

111 3693 195 3752 “nisi
218 3693 265 3751 ille
285 3690 387 3750 habeat
408 3709 574 3768 expressam
596 3693 783 3753 intentionem
803 3715 863 3757 non
886 3696 1001 3756 tenendi
1024 3695 1122 3763 alium,
1145 3693 1200 3751 nisi

23 3796 26 3801 '
67 3806 71 3813 ·
109 3810 195 3866 quem
209 3791 329 3854 intendit
341 3785 536 3870 suscipere.”⁹

146 3965 188 4030 (1)
208 3963 272 4013 Vide
283 3962 309 4012 8.
321 3961 396 4027 Alph.
410 3963 426 4014 l.
438 3962 469 4012 ri.
480 3978 505 4012 n.
520 3963 575 4012 148.
667 3966 709 4031 (2)
728 3962 796 4013 Trid.
808 3963 873 4012 Soss.
885 3964 954 4014 xxix.
967 3979 1020 4029 cap.
1030 3962 1056 4012 ii.
1068 3962 1097 4015 cle
1109 3962 1167 4034 Res.

144 4048 173 4112 (3
176 4050 197 4112 )“
207 4047 234 4096 8.
245 4047 320 4113 Alph.
329 4049 345 4098 Ι.
356 4050 388 4098 vi.
400 4065 425 4098 n.
440 4050 495 4098 149.
667 4050 709 4116 (4)
730 4048 829 4099 Ibidem.

143 4133 185 4197 (5)
206 4131 268 4195 Gap.
277 4133 317 4182 Ad
328 4133 421 4195 limina,
434 4140 457 4185 7.
474 4134 563 4185 Causa.
576 4150 636 4186 xxx.
649 4151 671 4199 q.
683 4135 699 4185 i.

143 4215 186 4279 (6)
207 4215 268 4277 Csp.
280 4216 308 4264 Si
320 4217 363 4265 vir.
375 4221 399 4266 2.
410 4216 439 4268 dc
450 4224 547 4288 coguut.
557 4220 620 4288 spir.
667 4222 710 4286 (7)
731 4220 746 4268 i.
758 4226 783 4268 et
793 4219 825 4268 iv.
836 4236 902 4270 caus
914 4235 974 4270 xxx.
986 4236 1027 4284 qu·
1039 4220 1055 4272 l.

145 4300 187 4370 (8)
208 4299 234 4346 S.
246 4299 320 4367 Alph.
332 4301 347 4352 1.
357 4301 388 4350 vi.
400 4318 425 4351 n.
438 4307 492 4352 151.
667 4307 710 4371 (9)
730 4305 829 4365 Ibidem,
841 4321 866 4355 n.
880 4308 935 4357 152.
