2640 4860
439 327 496 397 DE
519 326 825 388 CONFESSIONE.
1120 329 1174 386 tol
1270 386 1274 394 ,

362 681 388 756 §.
408 681 492 742 VIII.
534 681 582 740 Du
603 699 667 741 oms
687 698 896 740 consessione.
981 684 994 708 ⁸

116 921 171 977 64.
196 914 294 973 “Nisi
322 915 457 975 articulus
484 917 661 975 necessitatis
689 916 848 985 occurrat,”
876 917 968 991 inquit
998 917 1172 977 Benedictus

92 1017 132 1076 [Ι.
157 1014 328 1073 “sacerdoti
348 1014 476 1074 facienda
489 1017 547 1074 oris
568 1017 711 1074 confessio
724 1012 896 1093 exigitur.”¹
936 1016 979 1074 Ita
1001 1016 1054 1074 fert
1072 1035 1172 1094 perpe·

92 1135 144 1175 rus
159 1122 190 1173 et
202 1114 371 1173 universalis
385 1133 455 1173 usus
470 1115 619 1182 Ecclesiae,
634 1116 684 1188 qui
698 1116 821 1194 optimus
835 1123 879 1172 est
897 1114 999 1174 divinae
1019 1115 1173 1174 confitendi

92 1215 154 1293 egis
169 1215 320 1289 interpres.
362 1213 518 1272 Confessio
539 1214 725 1272 “secundum
745 1213 821 1286 quod
841 1222 885 1271 est
904 1232 969 1291 pars
992 1214 1170 1282 sacramenti,

93 1315 166 1373 abet
187 1311 404 1371 determinatum
423 1322 526 1381 actum,
542 1313 616 1370 sicut
628 1321 657 1370 et
669 1313 723 1370 alia
737 1321 913 1370 sacramenta
926 1313 1031 1372 habent
1043 1313 1172 1372 determi-

95 1423 179 1471 atam
195 1412 351 1470 materiam.
394 1412 434 1469 Et
444 1413 518 1469 sicut
530 1412 558 1469 in
573 1413 714 1487 baptismo
734 1409 769 1468 ad
782 1411 998 1488 significandam
1009 1413 1171 1470 interiorem

92 1511 268 1578 bludunam,
283 1511 435 1568 assumitur
454 1510 523 1568 illud
536 1511 718 1577 elementum,
733 1511 815 1587 cujus
836 1520 880 1567 est
897 1512 1039 1569 maximus
1053 1529 1121 1570 usus
1141 1512 1171 1568 in

92 1608 235 1677 bluendo,
252 1611 290 1666 ita
300 1610 329 1666 in
343 1617 405 1667 actu
417 1611 585 1668 sacramenti
600 1609 802 1676 consessionis,
814 1608 850 1666 ad
863 1609 1111 1678 manifestandum,
1125 1629 1170 1667 or·

93 1711 178 1768 inate
203 1709 355 1766 assumitur
368 1707 415 1765 ille
434 1718 522 1776 actus,
537 1727 594 1780 quo
615 1710 739 1766 maxime
763 1710 966 1767 consuevimus
979 1709 1170 1777 manifestare,

92 1807 193 1868 cilicet
206 1806 352 1883 proprium
366 1807 501 1864 verbum:
523 1807 571 1864 alii
591 1815 685 1865 autem
708 1804 786 1864 modi
805 1815 872 1865 sunt
887 1807 995 1867 inducti
1009 1809 1038 1867 in
1058 1808 1173 1884 supple·

92 1915 214 1966 uentum
240 1899 372 1963 istius.'’²
414 1905 493 1963 Hinc
519 1905 664 1963 damnavit
689 1905 827 1964 Clemens
850 1905 919 1963 VII.
946 1907 1173 1985 propositionem

92 2013 269 2080 equentem:
292 2004 404 2062 “Licet
416 2022 467 2081 per
479 2005 585 2071 literas,
600 2023 650 2062 seu
664 2005 866 2064 internuntium
881 2004 1055 2063 confessario
1066 2004 1173 2062 absenti

92 2103 472 2171 aeramentalitercontiteri,
481 2112 509 2160 et
518 2105 552 2162 ab
563 2103 664 2162 eodem
673 2105 789 2162 absente
797 2103 1003 2163 absolutionem
1011 2102 1171 2162 obtinere:’'

92 2204 228 2275 etuitque
242 2204 295 2260 sub
309 2203 614 2261 excommunicationis
628 2221 714 2280 poena
733 2203 787 2260 sibi
802 2211 960 2271 reservate,
975 2222 1012 2261 ne
1031 2203 1093 2260 haec
1109 2221 1173 2279 pro·

92 2302 190 2362 tositio
204 2319 329 2374 unquam
343 2311 477 2374 tanquam
497 2301 592 2375 aliquo
612 2321 679 2360 casu
700 2301 856 2380 probabilis
874 2290 1055 2379 defendatur,
1070 2310 1117 2360 aut
1137 2301 1171 2359 ad

92 2401 198 2460 traxim
213 2419 328 2473 quoquo
342 2400 427 2458 modo
441 2400 602 2458 deducatur.
644 2402 776 2459 Attamen
790 2400 962 2463 Tamburini
973 2409 1071 2461 censet
1087 2418 1173 2478 posse
1205 2432 1208 2436 ·

92 2497 236 2572 liquando
257 2499 380 2576 permitti
397 2508 428 2557 ut
447 2500 587 2576 poenitens
605 2501 711 2577 scripto
734 2500 909 2558 confessario
922 2499 1058 2559 tradendo
1071 2500 1172 2557 referat

92 2607 205 2658 reccata
225 2615 286 2667 sua,
301 2617 421 2671 quorum
443 2617 475 2656 se
499 2616 581 2656 reum
600 2617 726 2675 praesens
746 2599 892 2675 agnoscit:
914 2597 966 2655 sed
991 2597 1020 2655 id
1039 2616 1102 2655 raro
1129 2596 1175 2654 vel

92 2715 230 2770 tunquam
243 2698 328 2756 licere
343 2697 470 2774 plerique
485 2696 595 2765 docent,
611 2717 698 2770 quum
713 2697 804 2774 alege
819 2695 942 2774 generali
962 2714 1011 2754 ore
1025 2694 1171 2772 sigillatim

92 2816 134 2856 ua
148 2804 268 2873 peccata
281 2796 440 2855 declarandi
454 2815 539 2855 nemo
561 2807 724 2863 excusetur,
738 2796 794 2854 uisi
816 2796 853 2853 ob
873 2794 1070 2872 gravissimam
1089 2794 1171 2870 plane

92 2886 227 2954 ιιιιιειιιιι.3
260 2895 293 2954 Si
313 2896 377 2969 quis
391 2896 427 2954 cb
442 2915 577 2972 angorem
597 2897 728 2973 gutturis,
743 2895 789 2952 vel
807 2893 911 2971 linguae
924 2892 1171 2970 impedimentum,

92 3002 208 3067 requeat
227 3014 280 3053 sua
299 3003 414 3072 peccata
436 2995 580 3072 sigillatim
601 3013 761 3062 recensere,
784 2992 946 3058 satisfaciet,
960 3000 1043 3068 prout
1059 2992 1171 3067 poterit,

92 3112 116 3152 te
138 3092 310 3152 accusando.
352 3095 453 3153 Puella
473 3095 562 3152 nimia
576 3093 745 3153 verecundia
766 3092 823 3150 fere
843 3092 1051 3158 obmutescens,
1073 3090 1176 3167 poterit

92 3192 243 3265 rliquando
256 3192 309 3250 hac
322 3192 431 3252 ratione
444 3194 498 3251 sibi
508 3193 669 3252 consulere.
712 3191 794 3250 Nulli
807 3199 901 3249 autem
914 3189 1031 3249 dubium
1044 3189 1174 3249 sufficere

92 3291 113 3348 ri
126 3291 263 3350 sacerdos
277 3293 384 3368 scripto
399 3310 468 3350 usus
482 3292 666 3369 poenitentem
680 3291 714 3349 de
728 3290 850 3368 singulis
864 3291 1028 3366 interroget.

127 3393 177 3448 65.
200 3391 258 3456 Qui
271 3409 319 3449 ore
333 3393 433 3465 nequit
445 3392 583 3459 confiteri,
598 3410 651 3448 sua
663 3391 760 3467 pandit
768 3399 885 3467 peccata
896 3409 952 3463 qua
960 3388 1053 3467 possit
1060 3389 1176 3447 ratione.

92 3489 138 3546 stc
151 3498 257 3557 mutus,
271 3491 327 3559 vel,
342 3489 537 3558 moribundus,
551 3489 672 3563 loquelae
686 3509 739 3548 usn
748 3508 857 3559 carens,
872 3490 961 3566 signis
970 3508 1001 3547 se
1010 3489 1104 3565 prodit
1114 3507 1178 3565 pec·

91 3596 224 3655 catorem,
239 3598 267 3645 et
281 3599 418 3662 quatenus
432 3590 532 3656 valeat,
546 3599 662 3666 peccata
674 3589 787 3668 singula
800 3589 921 3648 indicat:
938 3606 1023 3661 quem
1033 3588 1179 3645 absolven-

93 3684 160 3744 dum
173 3704 238 3744 esse
248 3688 331 3763 jubet
344 3687 468 3746 Rituale.

131 3788 178 3844 66.
201 3785 305 3843 Utrum
320 3787 384 3860 quis
405 3793 532 3844 teneatur
545 3805 596 3864 per
609 3787 790 3863 interpretem
808 3783 935 3843 confiteri
949 3783 1130 3857 disceptatur,
1145 3782 1177 3838 S.

92 3880 203 3942 Thoma
216 3883 328 3943 favente
342 3884 565 3944 affirmantibus:
588 3893 606 3921 ‘⁴
616 3885 651 3943 ln
673 3903 708 3944 eo
723 3885 772 3958 qui
786 3901 870 3942 usum
889 3882 993 3958 tingue
1007 3898 1065 3937 non
1085 3878 1179 3948 habet,

129 4105 169 4171 (l)
190 4104 297 4156 Extrau.
309 4106 374 4156 Inter
386 4112 493 4167 cunetas,
505 4107 534 4158 de
542 4106 661 4175 privileg.

129 4192 169 4256 (2)
188 4189 275 4255 Suppl.
289 4192 322 4240 iii.
335 4208 359 4256 p.
371 4208 412 4256 qu.
423 4193 457 4242 ir.
469 4199 512 4243 art.
523 4193 557 4243 iii.
592 4192 667 4258 Κεφ.
799 4189 841 4255 (3)
862 4187 889 4236 S.
901 4187 976 4252 Alph.
987 4187 1003 4236 l.
1014 4187 1046 4238 vi.
1054 4202 1079 4236 ιι.
1091 4188 1150 4238 429.

612 4288 675 4346 15*
