2640 4860
201 353 260 417 DE
280 352 647 419 utseosm’lotttuus
667 350 1043 417 BAPTIZANDORUM.
1133 360 1173 414 47

521 853 664 916 CAPUT
684 853 738 917 Vl.

334 1072 373 1113 ml
393 1071 647 1114 urseosmottntus
666 1073 927 1117 antummum.

123 1242 173 1298 35.
195 1235 255 1303 Qui
264 1251 349 1294 usum
362 1233 480 1292 rationis
489 1234 604 1303 babent,
615 1235 788 1311 baptismum
800 1255 859 1297 non
871 1245 992 1314 possum
1004 1256 1069 1296 cum
1083 1239 1173 1298 sructu

82 1339 223 1413 recipere,
244 1335 301 1394 nisi
320 1331 435 1391 credant
446 1332 514 1392 fidei
527 1335 699 1404 veritatibus,
722 1344 751 1394 et
770 1334 884 1395 doleant
897 1337 994 1395 animo
1007 1338 1044 1396 ob
1058 1348 1174 1415 peccata

84 1436 227 1496 admissa:
249 1432 301 1491 sed
314 1451 367 1509 pro
389 1433 478 1490 statis
501 1434 618 1501 ratione,
639 1445 669 1492 et
687 1452 783 1493 rerum
797 1434 937 1513 adjunctis
951 1437 1064 1514 plenior
1076 1437 1175 1496 notitia

83 1537 218 1613 exigitur.
261 1533 321 1590 Vix
342 1550 380 1590 ex
398 1532 516 1591 infantia
536 1534 644 1610 egressi
663 1534 841 1609 baptizantur
863 1536 962 1595 imbuti
983 1535 1040 1594 Dei
1053 1547 1082 1595 et
1096 1555 1175 1615 mys·

83 1636 220 1694 teriomm
241 1632 343 1690 SSmae
363 1631 522 1701 Trinitatis,
542 1643 572 1690 et
590 1632 811 1710 Redemptionis
830 1635 940 1704 notitia,
962 1636 1052 1708 qualis
1073 1647 1175 1695 unere

81 1735 157 1793 aetati
170 1732 315 1799 convenit,
329 1740 358 1788 et
374 1730 513 1804 quidquid
533 1732 598 1790 Deo
617 1731 749 1808 displicet
760 1734 933 1810 rejicientes.
974 1734 1025 1792 Sic
1037 1746 1066 1794 et
1078 1734 1173 1804 rudes,

84 1833 244 1910 praesertim
257 1832 331 1890 inter
343 1830 494 1906 mancipia,
514 1831 564 1904 qui
577 1832 736 1909 pleniorem
750 1832 965 1891 instructionem
978 1851 1036 1892 non
1050 1836 1174 1910 capiunt,

85 1942 209 2012 possunt
222 1930 258 1989 ad
276 1930 450 2005 baptismum
470 1929 589 1999 admitti,
613 1931 771 1990 dummodo
792 1949 858 1988 vere
879 1930 1006 2000 credant,
1029 1942 1059 1990 et
1071 1953 1087 1989 a
1100 1933 1175 1991 vitiis

84 2033 264 2091 abhorreant.
306 2029 424 2088 Plenior
442 2029 590 2090 instructio
610 2029 752 2108 exigenda
764 2040 809 2088 est
821 2050 838 2088 a
850 2030 1006 2107 plerisque,
1020 2032 1177 2108 presertim

83 2133 120 2190 de
132 2129 315 2208 dogmatibus
328 2129 530 2198 controversis,
544 2148 581 2189 ne
594 2130 792 2190 hereticorum
812 2130 880 2190 dolo
900 2151 917 2189 a
938 2130 996 2190 fide
1016 2140 1117 2208 postea
1129 2132 1176 2190 ab·

85 2231 242 2290 ducantur:
263 2226 314 2285 sed
327 2228 375 2286 ubi
387 2227 460 2285 fides
474 2238 551 2305 patet
562 2230 684 2299 sincera,
705 2230 817 2289 facilius
837 2230 868 2290 in
881 2230 1022 2290 Ecclesiae
1035 2232 1176 2309 gremium

84 2329 195 2389 admitti
208 2337 339 2406 possunt,
360 2325 497 2404 deinceps
523 2327 558 2386 de
577 2329 699 2408 singulis
719 2330 876 2389 accuratius
901 2329 1051 2390 edocendi.
1093 2331 1174 2390 Metu

85 2430 250 2490 divinorum
265 2424 451 2505 judiciorum,
472 2445 523 2504 spe
537 2437 566 2486 et
577 2428 682 2488 fiducia
701 2429 731 2488 in
753 2429 861 2497 Deum,
882 2431 1050 2506 poenitentia
1061 2431 1098 2488 ob
1111 2448 1175 2506 pec·

86 2540 148 2587 cata
161 2528 297 2595 admissa,
312 2543 378 2585 cum
388 2528 536 2603 proposito
548 2546 630 2587 novae
643 2529 718 2598 viter,
739 2537 768 2585 et
780 2528 837 2586 Dei
850 2526 1010 2587 dilectionis
1024 2529 1175 2605 principio,

87 2642 233 2702 tamquam
247 2625 333 2685 fontis
347 2627 442 2685 omnis
459 2626 588 2703 justitioe,
608 2627 696 2686 homo
709 2627 869 2704 disponitur
889 2626 925 2683 ad
944 2627 1062 2704 gratiam
1072 2627 1177 2702 justiti·

85 2728 207 2786 cationis
233 2726 264 2784 in
287 2725 429 2801 baptismo
454 2726 673 2803 impetrandam,
698 2729 738 2785 uti
765 2725 899 2804 praeclare
913 2724 997 2784 docet
1022 2725 1177 2783 concilium

88 2826 303 2885 Tridentinum.
352 2823 466 2883 Rituale
492 2826 656 2884 Romanum
681 2825 789 2885 idcirco
817 2823 853 2883 dc
878 2824 1085 2883 catechumeno
1110 2825 1180 2884 dicit

87 2927 204 2985 “debet
216 2924 307 3002 prius,
318 2923 479 2983 secundum
491 2926 675 3001 apostolicam
690 2925 830 3003 remam,
842 2923 875 2983 in
888 2921 1052 2981 Christiana
1064 2923 1131 2991 fide,
1145 2942 1178 2981 ac

89 3026 197 3086 sanctis
220 3023 346 3082 moribus
369 3022 519 3101 diligenter
539 3024 650 3092 instrui,
671 3033 702 3083 et
717 3040 775 3103 per
792 3022 903 3097 aliquot
922 3020 983 3081 dies
997 3023 1027 3080 iu
1041 3023 1177 3100 operibus

89 3125 202 3201 pietatis
215 3123 356 3191 exerceri,
380 3125 501 3200 ejusque
521 3123 652 3183 voluntas
671 3132 702 3183 et
717 3102 896 3201 propositum
910 3122 1014 3199 sepius
1027 3121 1178 3199 explorari,

88 3235 115 3283 et
127 3225 245 3284 nonnisi
258 3223 353 3280 sciens
363 3231 391 3281 et
403 3222 512 3291 volens,
527 3225 673 3300 probeque
686 3220 841 3283 instrncm
852 3216 1041 3299 baptizari.''¹

129 3328 178 3383 36.
213 3322 388 3382 Poenitentia
413 3323 482 3380 aS.
510 3323 597 3381 Petro
622 3322 836 3382 commendatur
867 3332 1013 3396 tamqnam
1037 3322 1180 3398 baptismo

90 3425 209 3500 previa:
233 3432 253 3458 ‘⁶
262 3421 458 3498 poenitentiam
471 3423 559 3500 agite,
567 3432 602 3481 et
614 3423 773 3498 baptizetur
785 3423 983 3495 unusquisque
996 3430 1122 3481 vestrum
1132 3413 1180 3478 :”²

89 3533 133 3582 est
144 3532 241 3582 autem
254 3522 342 3580 animi
354 3521 436 3580 dolor
454 3521 490 3580 de
509 3530 628 3599 peccato
642 3521 776 3591 admisso,
797 3533 954 3600 conceptus
967 3540 1005 3581 ex
1017 3520 1179 3580 considera·
1245 3516 1251 3524 '

91 3624 167 3682 tione
190 3622 340 3680 veritatum
354 3618 433 3688 fidei,
453 3640 487 3678 v:
503 3640 537 3698 g:
562 3639 710 3698 poenarum
729 3620 886 3681 inferorum
908 3639 970 3694 quae
984 3629 1099 3678 manent
1111 3637 1178 3695 pec·

90 3732 211 3791 catores,
222 3721 280 3781 Dei
299 3710 502 3780 misericordis
523 3739 590 3798 erga
611 3721 792 3796 penitentes,
812 3721 1017 3779 beneficiorum
1038 3717 1096 3776 Dei
1115 3734 1179 3788 quse

92 3821 214 3897 peccatis
240 3819 437 3897 rependimus,
463 3819 595 3878 bonitatis
621 3829 650 3877 et
673 3820 857 3896 perfectionis
885 3819 943 3876 Dei
974 3834 1061 3892 super
1085 3814 1181 3872 omnia

93 3929 207 3997 propter
228 3937 261 3978 se
284 3917 432 3996 diligendi.
473 3919 527 3978 Ille
546 3918 646 3978 saltem
670 3919 822 3994 requiritur
841 3917 924 3977 dolor
949 3931 1007 3987 quo
1032 3920 1180 3990 peccatum

91 4018 273 4088 detestamur,
286 4028 315 4077 et
326 4010 524 4096 amplectimur
542 4019 600 4079 Dei
618 4017 725 4095 legem,
745 4026 889 4090 tamquam
909 4030 1021 4073 morum
1041 4012 1179 4091 regulam,

92 4137 205 4197 semper
226 4118 310 4178 nobis
335 4118 531 4195 inposterum
552 4116 738 4177 servandam:
760 4115 811 4174 sed
830 4123 1012 4193 peccatomm
1038 4112 1181 4173 consessio

228 4320 272 4387 (1)
291 4317 406 4386 Debept
417 4317 493 4371 adult.
840 4319 883 4386 (2)
903 4316 959 4370 Act
969 4315 995 4367 ii.
1007 4319 1048 4367 38.
