2640 4860
315 400 372 460 DE
394 398 715 460 lMPEDlMENTlS
733 397 1011 461 MATRIMONII.
1150 404 1208 459 9119

116 567 248 626 ministro
262 567 388 625 fraudem
402 576 430 625 et
443 567 575 643 injuriam
589 566 714 625 faciunt:
737 565 893 626 excusandi
907 576 1001 625 autem
1014 566 1154 634 videntur,
1169 567 1205 633 si,

115 666 194 738 quod
209 665 293 734 absit,
309 685 391 725 suam
405 684 520 742 operam
534 665 656 742 deneget
668 667 783 743 injuste,
798 666 844 723 vel
857 684 937 724 sacra
950 667 1010 724 auri
1023 665 1108 723 fanto.

156 769 224 823 190.
247 765 369 830 Quando
383 764 525 841 parochus
538 784 596 823 non
609 764 738 832 habetur,
753 765 798 824 vel
812 765 883 824 adiri
898 766 1006 837 nequit,
1020 765 1076 823 nisi
1096 763 1207 822 difficil·

112 863 181 922 lime
195 864 461 941 etperioulossime,
476 864 572 922 valent
585 865 700 940 nuptiae,
719 866 826 937 absque
840 867 903 942 ejus
917 865 1075 940 praesentia.
1117 863 1208 935 Equi·

113 961 178 1022 dem
195 963 267 1021 Pius
281 963 335 1023 Vl.
346 965 376 1021 in
386 964 570 1020 instructione
584 961 1206 1040 31133133333311133133333313(1313111328.

112 1062 195 1140 Magi
217 1066 294 1121 1792
308 1062 343 1120 de
357 1062 489 1121 fidelibus
505 1062 598 1120 Gallis
612 1081 709 1139 agens,
721 1065 759 1121 ait
773 1084 780 1120 :
809 1063 982 1129 “Quoniam
995 1061 1155 1138 complures
1169 1078 1207 1118 ex

113 1162 175 1219 istis
196 1160 329 1218 fidelibus
350 1180 408 1219 non
435 1171 558 1237 possunt
577 1163 695 1220 omnino
721 1163 878 1238 parochum
905 1162 1064 1238 legitimum
1091 1159 1204 1227 habere,

113 1260 232 1318 istorum
246 1260 374 1336 profecto
389 1261 524 1336 conjugia
537 1279 633 1318 coram
648 1261 777 1329 testibus,
792 1272 820 1319 31
833 1263 895 1320 sine
912 1260 1030 1338 parochi
1045 1259 1204 1336 praesentia,

115 1359 140 1415 si
153 1358 227 1417 nihil
241 1359 317 1417 aliud
332 1360 433 1426 obstet,
449 1368 477 1416 et
490 1360 583 1417 valida
595 1367 624 1416 et
635 1359 711 1418 licita
724 1371 816 1429 erunt,
830 1370 862 1418 ut
874 1378 951 1437 saepe
964 1360 1069 1436 saepius
1083 1357 1205 1416 declara-

113 1467 173 1516 tum
187 1457 266 1515 suita
279 1459 311 1516 S.
327 1458 559 1535 Congregatione
575 1456 700 1517 Concilii
714 1458 876 1519 Tridentini
890 1458 1074 1535 interprete.’'

154 1560 222 1614 191.
244 1556 349 1615 Testes
360 1557 417 1615 duo
429 1558 538 1624 saltem,
554 1558 658 1634 pariter
668 1575 700 1614 ao
710 1558 863 1632 parochus,
875 1559 908 1616 ad
923 1559 1048 1617 valorem
1063 1559 1206 1616 matrimo-

113 1656 164 1723 nii,
175 1657 261 1732 juxta
271 1657 366 1734 legem
375 1656 585 1724 Tridentinam,
597 1657 787 1730 requiruntur.
816 1659 849 1717 Si
859 1657 1000 1734 parochus
1014 1657 1086 1715 adiri
1097 1656 1204 1728 nequit,

112 1755 266 1831 presentia
289 1756 401 1814 testium
428 1754 520 1813 adhuc
544 1763 587 1814 est
610 1757 778 1824 necessaria,
805 1756 876 1815 adeo
900 1757 988 1814 utils
1011 1755 1207 1813 deficientibus

112 1855 222 1911 irritum
243 1873 359 1931 prorsus
380 1856 426 1923 sit,
441 1864 525 1930 prout
544 1854 667 1912 declarat
686 1854 758 1912 Pius
779 1849 848 1914 Vl.¹
890 1856 995 1913 Testes
1015 1854 1119 1912 debent
1136 1852 1205 1926 quid

112 1962 210 2031 agatur
223 1972 308 2012 nosse
322 1973 356 2011 ea
368 1955 476 2013 ratione
490 1972 547 2025 qua
561 1954 672 2011 valeant
684 1953 712 2010 id
726 1954 860 2031 deinceps
876 1956 1004 2031 probare.

152 2056 220 2110 192.
243 2053 276 2111 ln
291 2053 435 2130 plerisque
450 2054 578 2111 Statibus
592 2052 750 2110 Foederatis
765 2055 874 2112 nullum
895 2066 937 2112 est
960 2051 1110 2127 vestigium
1131 2050 1203 2127 legis

112 2151 289 2210 Tridentinae
311 2153 509 2230 promulgatas,
525 2162 696 2228 quapropter
713 2153 809 2211 valent
827 2155 933 2230 nuptiae
956 2152 1019 2210 solo
1034 2150 1203 2209 contrahen-

112 2251 183 2309 tium
205 2269 358 2319 consensn,
374 2252 479 2324 absque
500 2251 628 2326 parochi,
650 2252 696 2309 vel
716 2253 872 2311 sacerdotis
893 2253 965 2310 alius
984 2250 1143 2328 praesentia,
1159 2248 1205 2306 vel

112 2349 249 2408 testibus:
272 2351 311 2408 uti
320 2350 474 2409 declaravit
484 2349 516 2406 S.
532 2347 627 2425 Oong.
638 2350 749 2422 Inquis.
763 2353 793 2410 in
807 2352 953 2429 responsis
967 2351 1073 2427 saepius
1083 2348 1202 2408 laudatis

114 2448 149 2506 ad
163 2448 333 2525 episcopum
349 2449 578 2515 Quehecensem.
607 2448 838 2509 Acatholicorum
851 2452 1033 2510 matrimonia
1046 2450 1149 2525 pariter
1160 2467 1206 2504 va·

111 2548 181 2615 lent,
193 2550 217 2606 si
234 2567 291 2606 non
301 2548 567 2606 obstetcanonicum
581 2546 825 2623 impedimentum.
847 2549 897 2607 Ex
908 2546 1099 2605 vetustissima
1110 2558 1205 2605 tamen

113 2647 254 2705 Ecclesiae
275 2647 481 2705 consuetudine
495 2648 601 2722 nuptiae
614 2654 682 2704 sunt
694 2666 788 2705 coram
802 2647 948 2706 sacerdote
964 2645 1105 2714 iucunde,
1120 2647 1202 2722 cujus

111 2745 239 2805 officium
260 2747 472 2822 pretermittere
492 2754 640 2821 peccatum
660 2754 705 2803 est
722 2748 849 2805 mortale.
893 2746 996 2803 Testes
1017 2745 1102 2802 etiarn
1123 2744 1201 2802 adhi·

111 2843 197 2903 bendi
211 2856 292 2902 sunt:
315 2845 367 2903 sed
380 2863 479 2902 eorum
493 2846 613 2903 omissio
627 2845 652 2902 si
666 2845 748 2903 facile
760 2846 856 2904 haberi
871 2852 1023 2918 nequeant,
1036 2844 1081 2901 vel
1091 2844 1115 2900 si
1129 2859 1202 2918 opus

111 2945 149 3002 sit
161 2944 253 3001 celare
274 2945 398 3020 nuptias,
414 2944 491 3002 nulla
505 2943 616 3002 videtur
628 2944 720 3020 culpa.
764 2943 882 3004 Occulta
895 2942 1046 3017 aliquando
1061 2943 1203 3000 matrimo-

111 3044 158 3101 nia
171 3044 381 3119 permittuntur,
397 3042 586 3102 conscientias
599 3043 683 3110 dicta,
698 3061 761 3115 quae
776 3054 914 3102 memorat
927 3041 1101 3101 Benedictus
1115 3040 1200 3099 XIV.

110 3144 329 3201 constitutione:
356 3141 440 3201 Satis
457 3142 541 3201 vobis
556 3149 747 3220 compertum.

154 3245 222 3300 193.
245 3241 290 3299 De
317 3242 395 3318 vagis
416 3242 568 3299 concilium
596 3240 798 3299 Tridentinum
822 3241 954 3317 parochis
976 3240 1114 3318 praecipit,
1138 3247 1203 3296 “ne

113 3341 227 3399 illorum
248 3341 435 3399 matrimoniis
455 3341 593 3409 intersint,
615 3341 670 3398 uisi
692 3341 770 3417 prius
796 3339 962 3418 diligentem
988 3340 1203 3413 inquisitionem

115 3439 245 3507 fecerint,
272 3449 300 3496 et
327 3459 357 3496 re
384 3439 419 3497 ad
441 3439 612 3498 ordinarium
639 3439 740 3509 delata,
762 3442 796 3498 ab
815 3459 850 3498 eo
873 3441 1016 3501 licentiam
1038 3440 1067 3498 id
1087 3437 1207 3498 faciendi

113 3535 335 3597 obtinuerint.'’2
376 3539 416 3597 Ut
428 3538 477 3596 lex
491 3538 552 3597 haec
572 3540 783 3615 sapientissima
804 3542 965 3600 executioni
978 3538 1202 3603 demandaretur,

112 3637 144 3694 S.
167 3637 360 3716 congregatio
379 3639 578 3711 Inquisitionis
596 3638 642 3696 die
661 3643 711 3696 21.
731 3641 852 3714 Augusti
874 3643 951 3699 1670
970 3638 1114 3696 decrevit:
1139 3635 1204 3691 “Si
1253 3673 1263 3691 .

111 3737 311 3795 contrahentes
325 3739 383 3796 sint
396 3738 470 3814 vagi,
485 3756 542 3794 non
556 3737 724 3812 procedatur
735 3737 769 3794 ad
783 3737 925 3795 licentiam
939 3735 1136 3802 contrahendi,
1148 3732 1203 3790 nisi

113 3834 234 3894 doceant
246 3855 309 3894 esse
329 3837 446 3904 liberos,
460 3855 511 3912 per
524 3834 595 3892 fides
615 3826 821 3893 oidinariorum
843 3854 970 3900 suorum,
985 3845 1094 3890 servata
1114 3833 1206 3891 forma

114 3934 276 3994 Tridentini
288 3938 316 3993 in
331 3956 356 3993 c.
372 3935 446 3993 Mul.
459 3935 507 3993 vii.
524 3935 603 3993 Sess.
618 3936 699 3993 xxiv.
733 3934 820 3992 Fides
835 3934 944 4006 aliaque
958 3934 1137 3999 documenta,
1147 3948 1205 3991 non

114 4033 295 4093 admittantur
308 4036 362 4093 nisi
377 4035 485 4093 munita
498 4036 605 4112 sigillo,
619 4044 648 4093 et
665 4033 806 4111 legalitate
819 4034 947 4110 episcopi
961 4032 1106 4097 ordinarii,
1121 4044 1150 4089 31
1162 4050 1205 4090 re·

113 4135 229 4210 cognita
243 4134 344 4192 saltem
357 4153 409 4210 per
422 4143 507 4191 testes
521 4135 571 4207 qui
583 4134 706 4193 habeant
719 4143 816 4192 notam
830 4150 943 4192 manum
958 4142 986 4190 et
996 4131 1132 4208 sigillum.
1165 4131 1207 4189 Et

150 4325 193 4392 (l)
213 4323 277 4374 Vide
288 4322 460 4397 BressdePie
473 4325 513 4375 Vl.
525 4332 542 4373 t.
554 4324 579 4374 ii.
590 4340 614 4388 p.
625 4325 676 4374 468
750 4401 756 4415 .
786 4327 828 4392 (2)
848 4324 913 4373 Sese.
923 4324 991 4374 xxiv.
1003 4323 1040 4378 De
1052 4324 1190 4381 Retovii.

633 4425 668 4484 31
680 4427 696 4460 ⁴*
