2640 4860
108 378 169 436 859
306 368 365 431 DE
384 366 706 431 IMPEDIMENTIS
726 367 1007 431 MATRIMONll.

111 538 145 599 ld
177 539 263 616 igitur
283 546 366 595 extra
390 554 507 596 omnem
530 536 621 595 aleam
646 535 827 595 dubitationis
854 539 984 614 positum
1014 547 1068 607 est,
1096 538 1182 597 hereti·

110 657 209 697 corum
231 637 358 712 nuptias,
379 637 484 709 ubique
505 637 534 695 13
554 634 609 693 hac
628 635 745 712 regione
767 636 873 704 valere,
895 640 1011 710 quoties
1040 657 1098 697 333
1115 639 1186 695 obstat

111 738 284 795 canonicum
298 735 374 793 aliud
389 735 634 812 impedimentum,
648 735 722 792 sicut
741 746 770 793 et
790 735 998 795 catholicorum
1012 757 1077 796 cum
1091 738 1123 796 iis
1135 757 1186 796 cou-

106 839 200 916 J'ugia,
226 854 292 893 natu
314 836 479 894 immunitas
498 835 591 911 alege
611 853 669 906 qua
688 834 742 891 hac
761 854 799 892 ex
820 845 900 911 parte
920 835 1028 912 gaudet
1045 836 1187 904 haereticus,

111 936 254 996 catholico
276 952 375 992 secum
398 933 574 992 contrahenti
594 933 831 1002 communicatur,
852 936 893 993 uti
918 934 1007 993 docet
1032 935 1190 995 Benedictus

111 1035 196 1094 xlv.

153 1139 221 1194 187.
243 1133 277 1191 13
291 1133 362 1191 13313
377 1133 424 1191 ubi
437 1133 617 1209 promulgata
628 1141 673 1190 est
684 1131 734 1191 lex
748 1132 931 1202 Tridentina,
947 1134 1092 1218 parochus
1106 1134 1192 1192 alteru·

112 1237 183 1293 trius
197 1233 296 1309 sponsi
308 1232 352 1289 rel
366 1231 439 1290 alius
449 1232 593 1300 sacerdos,
605 1250 642 1289 ex
652 1232 715 1308 ejus
730 1233 823 1300 venia,
834 1233 879 1290 vel
891 1234 1023 1309 episcopi
1034 1235 1194 1300 auctoritate,

112 1335 214 1392 adesse
227 1331 312 1390 debet
323 1340 355 1388 ut
367 1331 477 1388 valeant
489 1332 606 1407 nuptia,
620 1349 672 1389 nec
692 1332 771 1389 euim
791 1332 910 1404 quilibet
922 1333 1061 1390 sacerdos
1075 1351 1194 1409 suapte·

112 1433 204 1491 sentia
216 1450 265 1489 eas
279 1431 381 1488 firmat.
424 1430 477 1488 Nil
498 1432 615 1489 interest
636 1429 671 1486 ad
692 1430 816 1489 valorem
839 1443 934 1489 utrum
949 1433 1004 1488 viri
1018 1433 1064 1490 rel
1080 1432 1194 1490 mulieris

112 1533 150 1590 sit
162 1530 315 1608 parochus,
336 1529 385 1601 qui
407 1530 493 1587 311313
512 1540 608 1606 potest
627 1529 656 1587 in
679 1531 771 1588 aliena
790 1530 913 1606 paroecia
924 1530 1034 1606 nuptiis
1049 1531 1164 1598 adstare,
1176 1531 1197 1587 si

115 1631 246 1688 alteruter
259 1648 275 1686 e
289 1630 405 1705 sponsis
418 1647 488 1687 suus
501 1629 693 1705 parochianus
706 1629 760 1687 sit:
781 1629 881 1701 nequit
893 1637 988 1686 131333
1003 1630 1159 1688 solemnem
1171 1632 1196 1688 in

115 1730 210 1789 Missa
233 1747 284 1804 pro
308 1727 430 1803 Sponsis
454 1728 680 1787 benedictionem
701 1737 781 1785 extra
802 1746 884 1786 suam
907 1729 1076 1803 paraeciam,
1102 1731 1197 1801 absque

115 1830 197 1886 venia
210 1826 326 1902 parochi
340 1826 407 1894 loci,
421 1827 498 1895 dare,
509 1829 605 1903 gravis
618 1828 697 1886 enim
711 1826 783 1884 foret
795 1827 923 1885 muueris
937 1827 1026 1885 alieni
1040 1821 1199 1905 usurpatio.²

116 1929 149 1986 Si
162 1926 305 2004 parochus
316 1935 438 1999 nequeat
450 1927 568 1985 omnino
581 1925 689 1994 haberi,
700 1926 742 1984 uti
752 1934 897 2002 grassante
910 1929 1114 2002 persecutione
1126 1927 1197 1985 facile

117 2027 266 2101 contingit,
280 2024 412 2082 sacerdos
427 2026 500 2083 alius
513 2026 669 2085 catholicus
684 2024 830 2083 adeundus
844 2034 897 2092 est,
918 2027 943 2083 si
964 2024 1050 2084 detur
1062 2028 1151 2103 copia,
1163 2025 1199 2084 uti

118 2125 270 2184 declaravit
289 2123 361 2181 Pius
376 2123 429 2180 Vl.
444 2123 473 2180 in
494 2123 585 2200 Rosp.
605 2129 645 2182 22
668 2124 777 2200 Aprilis
794 2127 881 2191 1795,
895 2122 931 2180 de
947 2123 1111 2183 Galliarum
1123 2126 1198 2182 rebus

118 2226 324 2298 interrogatus;
344 2233 439 2278 utrum
462 2230 555 2279 autem
578 2221 689 2280 valeant
708 2223 825 2299 nuptia,
849 2222 875 2280 si
888 2219 1064 2300 negligatur,
1078 2225 1108 2282 in
1122 2241 1201 2296 ques·

119 2322 224 2379 tionem
239 2328 363 2384 vocatur,
378 2315 879 2380 3111113331111331333313(13111313.3

156 2423 224 2478 188.
245 2419 411 2495 Episcopus
437 2428 535 2495 utpote
561 2421 646 2479 totius
673 2422 768 2498 gregis
793 2433 899 2498 pastor,
926 2432 1023 2499 potest
1047 2424 1153 2498 ubique
1174 2424 1200 2482 in

113 2520 231 2582 dioecesi
244 2539 297 2578 sua
316 2519 467 2596 prasentia
485 2519 598 2577 firmare
613 2521 766 2598 conjugia:
788 2521 865 2594 quod
879 2530 907 2578 et
920 2522 995 2579 valet
1008 2525 1129 2582 vicarius
1142 2523 1198 2600 ejus

116 2622 255 2701 generalis
275 2621 359 2678 etiam
380 2627 477 2676 contra
497 2621 614 2678 vetitum
635 2621 776 2696 episcopi,
791 2622 840 2693 qui
860 2622 909 2680 vix
931 2620 1016 2680 debet
1036 2623 1082 2680 vel
1103 2622 1199 2681 vicario

115 2721 240 2799 generali
255 2721 298 2778 vel
312 2719 443 2797 parochis
454 2720 509 2778 hoc
523 2739 626 2779 munus
640 2721 802 2797 prohibere.
844 2721 994 2779 Parochus
1009 2722 1199 2782 excommuni-

115 2833 204 2890 catus,
219 2821 302 2878 etiam
315 2819 455 2887 vitandus,
468 2821 628 2897 irregularis
640 2830 669 2877 et
681 2839 849 2896 suspensus,
859 2830 953 2896 potest
963 2820 1075 2879 adstare
1089 2823 1200 2900 nuptiis,

114 2940 178 2978 nam
207 2920 312 2978 nullam
339 2930 455 2976 exercet
475 2920 713 2996 jurisdictionem,
740 2918 792 2976 scd
815 2928 921 2977 tantum
947 2920 1040 2977 adstat
1063 2930 1201 2993 tamquam

114 3021 212 3078 testis:
235 3037 353 3095 3333313
369 3028 461 3076 133133
484 3020 592 3077 videtur
605 3030 686 3076 extra
705 3018 903 3076 necessitatem
920 3021 1159 3078 communicando
1172 3022 1199 3078 in

113 3120 198 3177 rebus
219 3121 310 3177 sacris
331 3137 395 3176 cum
418 3118 560 3187 fidelibus,
585 3119 740 3196 prasertim
763 3118 788 3174 si
811 3117 840 3175 id
861 3119 988 3176 muneris
1009 3120 1046 3176 ob
1067 3122 1200 3198 speciales

114 3237 215 3276 causas
231 3219 349 3276 vetuerit
361 3219 528 3294 episcopus.

157 3321 223 3373 189.
251 3316 401 3373 Parochus
415 3317 499 3373 debet
512 3319 549 3374 ita
563 3317 665 3375 adesse
679 3327 710 3376 ut
730 3320 824 3376 testari
843 3320 935 3394 possit
955 3322 1070 3395 nuptias
1092 3322 1164 3388 iniri,
1177 3321 1199 3377 si

114 3413 189 3469 enim
204 3431 318 3488 prorsus
334 3413 361 3469 id
376 3415 497 3489 ignoret,
513 3417 647 3491 jamnon
663 3429 795 3476 censetur
808 3419 886 3476 testis
900 3421 1110 3478 auctorizabilis
1125 3420 1201 3478 susti·

113 3530 181 3568 nere
195 3521 308 3587 partes:
331 3511 406 3581 quod
421 3513 445 3568 31
460 3513 573 3570 31133131
593 3517 791 3590 ignorantiam,
806 3528 834 3575 et
847 3518 954 3575 invitus
968 3517 1096 3588 adsistat,
1112 3519 1200 3576 valent

113 3620 207 3670 tamen
230 3611 345 3687 nuptiae,
366 3611 431 3668 licet
451 3612 513 3688 1333
536 3614 644 3671 3311313
668 3629 783 3692 peragat
805 3619 900 3685 ritum,
922 3618 1019 3690 nilque
1044 3620 1128 3676 faciat
1147 3636 1199 3690 quo

112 3713 246 3770 assentiat
259 3713 299 3768 rei
319 3722 425 3788 gestae:
448 3722 532 3788 prout
544 3714 613 3771 olim
627 3714 659 3771 S.
676 3713 869 3792 Congregatio
883 3716 1009 3786 concilii,
1025 3738 1100 3776 anno
1117 3721 1199 3783 1581,

111 3811 259 3889 respondit
272 3812 411 3889 episcopo
432 3812 603 3882 Giennensi,
617 3824 646 3872 31
658 3829 733 3874 3333
749 3819 826 3873 1835
847 3816 879 3873 8.
895 3815 991 3894 Cong.
1007 3801 1199 3890 ln'quisitionis

112 3911 248 3987 episcopo
268 3911 460 3977 Quebecensi.
504 3913 634 3971 Graviter
654 3924 746 3972 autem
761 3924 881 3990 3333331
893 3917 1095 3974 contrahentes
1109 3932 1199 3973 coram

113 4009 239 4083 parocho
264 4010 364 4079 invito,
391 4031 457 4071 narn
478 4022 685 4072 sacramentum
709 4013 827 4091 indigne
853 4023 981 4083 tractant,
1008 4024 1038 4074 et
1060 4015 1197 4074 Ecclesia

313 4166 356 4232 (l)
377 4167 478 4228 Artaud,
489 4168 555 4219 Hist.
566 4168 599 4219 dn
611 4169 678 4234 Pape
690 4169 733 4220 Pie
745 4170 800 4220 VIl.
813 4176 830 4219 t.
841 4170 866 4221 ii.
878 4188 899 4221 3.
912 4172 942 4221 vi.

309 4251 353 4320 (9)
374 4250 400 4300 S.
412 4253 487 4316 Alph.
500 4254 516 4302 t
528 4253 560 4302 vi.
571 4270 597 4302 3.
612 4257 684 4304 1087.

308 4335 351 4398 (3)
372 4333 410 4384 De
422 4337 482 4389 Mat.
494 4344 511 4385 1.
521 4337 546 4387 il
556 4353 607 4402 par.
618 4338 650 4388 iii.
664 4343 687 4400 §.
697 4340 722 4390 11
734 4341 800 4392 3111.
810 4358 836 4392 3.
850 4343 923 4393 1909.
