2640 4860
173 376 212 431 Sd
358 369 416 431 ult
436 368 734 431 SUSCEPTIONE
757 367 1074 430 BUCHARISTIAE.

172 539 260 596 missa
281 537 478 596 sacramentali
498 536 679 596 consessione
699 535 734 594 ad
759 554 867 595 sacram
887 536 1101 594 Eucharistiam
1128 533 1262 593 accedere

172 635 282 703 debeat,
296 636 372 709 quod
386 656 403 694 a
415 636 575 694 christianis
589 637 732 702 omnibus,
747 637 832 694 etiam
842 635 876 692 ab
890 635 925 692 iis
939 633 1147 702 sacerdotibus,
1160 634 1262 706 quibus

172 754 209 794 ex
223 733 317 794 officio
332 736 491 793 incubuerit
502 735 653 803 celebrare,
667 735 729 792 hec
742 746 839 792 sancta
851 733 981 809 synodus
993 743 1135 810 perpetuo
1149 750 1263 790 servan·

172 834 240 892 dum
254 852 319 893 esse
333 833 468 902 decrevit,
482 833 569 893 modo
585 852 642 892 non
655 832 729 891 desit
741 833 797 891 illis
811 833 894 909 copia
907 830 1113 891 confessoris:
1137 831 1216 904 quod
1230 833 1263 895 si,

172 933 340 992 necessitate
353 942 484 1012 urgente,
497 931 629 991 sacerdos
640 933 745 1005 absque
755 932 861 1008 praevia
873 931 1055 990 consessione
1064 931 1262 994 celebraverit,

172 1035 385 1109 quamprimum
398 1025 610 1091 confiteamr.'’¹
651 1030 730 1089 Idem
751 1030 873 1089 declarat
891 1039 920 1088 et
938 1029 1066 1089 decernit
1085 1047 1199 1088 canone
1214 1047 1263 1086 un·

172 1131 296 1200 decimo,
311 1132 454 1190 inculcans
468 1139 641 1207 praeccptum
655 1129 852 1206 apostolicum,
866 1147 917 1187 seu
931 1130 1025 1206 potius
1038 1128 1182 1187 divinum.
1205 1125 1264 1184 Co-

172 1232 219 1308 pia
237 1231 409 1291 consessoris
430 1229 529 1287 deesse
549 1239 689 1297 censetur,
708 1228 823 1301 quando
844 1229 908 1301 quis
929 1228 1038 1301 absque
1058 1228 1137 1303 gravi
1152 1228 1262 1285 incom-

172 1329 259 1389 modo
280 1330 325 1388 vel
345 1328 459 1395 damno,
480 1326 556 1400 quod
577 1337 670 1384 tamen
690 1327 864 1386 confessioni
884 1345 942 1384 non
962 1326 1107 1393 inhaereat,
1131 1326 1261 1384 confiteri

172 1431 280 1501 nequit.
324 1427 432 1485 Deesse
446 1445 559 1499 quoque
573 1428 657 1502 copia
670 1425 843 1485 confessoris
856 1425 975 1492 videtur,
990 1426 1014 1481 si
1029 1443 1086 1482 non
1101 1423 1177 1483 adsit
1190 1423 1261 1481 alius

173 1539 274 1602 praeter
293 1525 471 1602 episcopum,
493 1525 541 1597 qui
561 1524 633 1582 nolit
652 1542 718 1583 eum
739 1525 923 1583 confitentem
944 1523 1095 1599 excipere:
1118 1525 1169 1581 vix
1183 1525 1261 1580 enim

173 1625 289 1701 expedit
311 1626 462 1700 praesulem
485 1624 531 1681 sui
551 1621 665 1690 subditi,
687 1642 770 1696 quem
793 1624 888 1682 lorsan
903 1621 1033 1700 judicare
1047 1621 1159 1688 debeat,
1174 1639 1261 1680 nosse

172 1741 209 1780 ex
222 1721 402 1781 consessione
416 1724 505 1781 animi
518 1724 722 1780 infirmitatem.
764 1722 797 1781 Si
820 1721 894 1779 adsit
912 1719 1047 1779 sacerdos
1067 1737 1184 1797 pravus,
1206 1739 1263 1778 non

172 1820 282 1879 videtur
302 1822 400 1881 haberi
421 1823 504 1900 copia
526 1820 717 1880 confessoris:
739 1840 805 1879 nam
825 1822 852 1878 ei
875 1819 1004 1878 confiteri
1018 1821 1191 1896 plerumque
1204 1837 1261 1878 norr

172 1931 291 1998 oportet.
334 1920 476 1980 Caetemm
497 1939 570 1997 opus
583 1939 641 1978 uou
655 1929 741 1978 estut
754 1920 944 1979 confessarius
964 1929 1131 1984 consuetus,
1145 1919 1194 1976 vel
1207 1936 1264 1995 poe·

172 2021 273 2079 nitenti
287 2022 391 2097 gratior
404 2019 487 2078 adsit.

212 2121 261 2175 46.
285 2119 398 2194 Urgens
413 2117 566 2175 necessitas
584 2117 613 2173 in
636 2135 691 2189 qua
703 2116 771 2174 licet
791 2117 899 2190 absque
912 2116 1093 2175 consessione
1108 2117 1260 2179 celebrare,

171 2233 205 2270 ea
218 2224 349 2272 censetur
368 2214 481 2286 quando
504 2212 626 2271 dandum
646 2208 692 2272 est
714 2216 848 2273 viaticum
869 2214 1048 2284 moribundo,
1070 2233 1123 2272 nec
1137 2215 1264 2291 suppetit

171 2312 265 2370 hostia
280 2315 342 2389 jam
362 2322 542 2370 consecrata:
564 2312 610 2370 vel
633 2313 747 2385 quando
767 2314 918 2373 celebratio
942 2315 1043 2373 Missae
1057 2315 1157 2387 nequit
1168 2312 1262 2372 omitti

170 2411 276 2483 absque
290 2413 368 2488 gravi
378 2410 520 2478 scandalo,
531 2411 577 2469 vel
586 2411 720 2470 infamia:
740 2414 786 2470 vel
797 2412 910 2485 quando
920 2413 1044 2491 populus
1059 2412 1115 2470 sibi
1128 2413 1261 2471 commis·

170 2528 219 2566 sus
227 2512 331 2568 carebit
340 2512 547 2599 opportunitate
557 2511 695 2588 implendi
706 2513 850 2589 praecepti,
859 2512 915 2570 nisi
925 2512 1068 2588 parochus
1076 2511 1210 2570 celebret:
1220 2508 1266 2565 vel

171 2611 285 2682 quando
293 2620 359 2688 post
372 2610 615 2670 consecrationem
626 2612 755 2669 meminit
766 2611 899 2669 sacerdos
909 2611 1017 2688 peccati
1025 2609 1164 2670 mortalis.
1201 2608 1261 2663 “Si

171 2720 234 2767 ante
245 2712 488 2770 consecrationem
502 2709 666 2768 recordetur
678 2710 810 2768 sacerdos
831 2728 862 2768 se
875 2727 939 2766 esse
959 2712 989 2768 in
1009 2719 1127 2785 peccato
1139 2699 1260 2772 mortali,

171 2819 219 2865 aut
227 2829 258 2868 se
272 2829 336 2868 esse
345 2810 634 2874 excommunicatum,
644 2811 689 2866 vel
700 2827 881 2885 suspensum,
893 2808 939 2865 vel
948 2809 1043 2866 locum
1056 2826 1121 2866 esse
1133 2805 1262 2866 interdic-

171 2917 241 2976 tum,
256 2910 353 2968 sinon
368 2911 482 2967 timetur
496 2908 672 2975 scandalum,
693 2907 775 2965 debet
789 2908 910 2965 Missam
926 2909 1079 2984 incoeptam
1095 2904 1258 2965 deserere.’'

171 3007 214 3064 Ita
236 3010 421 3083 praescribunt
444 3008 576 3066 Rubricae
597 3007 736 3065 Missalis.
779 3006 952 3078 Plerumque
976 3005 1004 3063 id
1027 3006 1135 3079 absque
1158 3023 1261 3080 magna

170 3107 270 3181 populi
284 3108 418 3164 adstantis
433 3105 617 3164 admiratione
631 3107 693 3163 fieri
706 3106 822 3177 nequit:
845 3105 896 3162 sed
916 3107 941 3162 si
955 3105 1047 3163 Missa
1060 3105 1200 3163 solemnis
1215 3105 1260 3165 sit,

170 3212 199 3258 et
216 3215 319 3278 praesto
333 3203 573 3262 sitconfessarius
597 3205 709 3275 aliquis,
733 3203 817 3261 debet
838 3222 903 3263 eum
925 3221 1080 3270 accersere,
1103 3214 1132 3260 et
1152 3202 1262 3259 conses-

170 3300 280 3358 sionem
301 3319 445 3378 peragere,
466 3319 499 3357 ea
512 3311 606 3358 tamen
625 3302 733 3358 ratione
758 3321 815 3374 qua
834 3303 975 3362 adstantes
997 3302 1074 3360 haud
1097 3300 1259 3359 advertant:

170 3399 248 3469 quod
261 3401 286 3456 si
299 3399 327 3455 id
341 3399 403 3456 fieri
416 3408 548 3469 nequeat,
563 3399 645 3457 debet
657 3401 757 3458 saltem
769 3403 865 3460 animo
878 3403 998 3460 conteri.
1019 3401 1166 3474 Equidem
1181 3418 1260 3458 num·

170 3515 256 3569 quam
270 3497 336 3554 licet
349 3496 502 3563 celebrare,
519 3498 575 3554 nisi
589 3498 684 3555 animo
698 3498 813 3558 dolente
831 3502 867 3559 ob
881 3511 1041 3577 peccatum,
1062 3511 1092 3557 et
1113 3500 1259 3576 proposito

170 3597 276 3655 emisso
292 3595 361 3654 illud
375 3597 404 3653 in
418 3604 565 3672 posterum
578 3595 694 3664 vitandi,
709 3609 737 3655 et
752 3599 927 3676 diligentiam
942 3599 1046 3657 idcirco
1060 3601 1090 3656 in
1104 3599 1260 3656 occasioni·

169 3701 221 3757 bus
237 3696 368 3755 tollendis
383 3693 551 3753 adhibendi:
574 3714 638 3753 nam
655 3699 787 3755 sanctitas
809 3680 977 3757 sacramenti
998 3699 1089 3775 exigit
1101 3707 1133 3754 ut
1147 3699 1258 3755 animus

169 3817 256 3875 purus
271 3797 308 3854 sit
320 3796 495 3854 contritionis
509 3795 548 3861 vi,
572 3794 607 3852 ad
629 3814 713 3867 quam
737 3806 795 3855 toto
810 3798 872 3855 nisu
887 3798 1039 3855 voluntatis
1053 3805 1186 3873 peccator
1199 3806 1257 3852 ten·

169 3898 235 3956 dere
250 3898 343 3956 debet.
385 3897 442 3964 Qui
456 3896 492 3954 ob
505 3894 668 3967 frequentes
688 3896 785 3972 lapsus
806 3896 841 3954 de
864 3895 991 3954 efficacia
1013 3894 1120 3953 doloris
1142 3893 1257 3957 dubitat,

169 3995 252 4054 debet
264 3998 432 4073 plerumque
447 4017 463 4053 a
476 3994 645 4053 celebrando
659 4014 690 4052 se
705 3995 854 4062 abstinere,
879 4007 907 4052 et
927 3996 1084 4053 animarum
1099 4013 1167 4052 cura
1180 3993 1258 4051 dere·

170 4093 247 4160 licta,
263 4095 346 4151 saluti
361 4114 417 4152 suae
433 4097 606 4172 prospicere.
628 4094 778 4160 Sacerdos,
794 4113 889 4151 curam
901 4094 1058 4151 animarum
1072 4111 1130 4150 non
1144 4110 1258 4169 gerens,

438 4298 479 4358 (l)
499 4296 564 4344 Sese.
575 4297 625 4345 xiii.
637 4313 688 4360 cap.
701 4297 740 4345 vii.
752 4295 781 4345 de
792 4292 855 4344 reoli
861 4295 1006 4360 prasentia.
