2640 4860
409 369 465 429 DE
487 368 808 429 lNDULGENTlIS.
1094 374 1153 429 245

63 535 208 611 poeuitens
220 543 353 609 nequeat,
375 553 432 593 non
452 554 519 594 eum
542 536 699 604 absolvant,
723 536 778 593 nisi
796 536 874 613 juret
892 552 924 593 se
944 535 1151 596 satisfacturum

63 634 268 712 cumprimum
283 628 432 711 poterit.”¹
473 634 618 693 Ceterum
639 636 664 692 si
684 632 820 711 perpetud
843 635 881 693 sit
901 634 1057 712 impotens,
1076 636 1154 713 jura·

65 741 195 792 mentum
209 752 266 792 non
280 733 412 810 exigitur.
454 732 578 800 Quodsi
591 734 715 811 negligat
734 732 870 809 deinceps
888 734 1081 810 juramentum
1101 735 1154 792 im·

66 831 158 907 plere,
172 851 229 891 non
244 842 375 891 censetur
388 832 554 891 contrahere
568 833 669 891 iterum
685 850 828 890 censuras.

105 935 176 989 259.
197 932 232 990 In
245 931 368 990 Jubilaeo
382 931 445 989 data
457 930 585 989 facultate
599 930 764 990 absolvendi
784 931 819 988 ab
839 930 970 988 omnibus
990 932 1113 1005 peccatis
1126 941 1155 990 et

66 1030 208 1098 censuris,
223 1032 308 1089 etiam
331 1030 480 1088 reservatis
501 1029 571 1088 Sedi
584 1029 767 1107 Apostolicae‚
782 1029 948 1106 intelligitur
962 1029 1079 1087 facultas
1092 1029 1153 1090 dari

66 1127 233 1188 absolvendi
247 1149 263 1186 a
275 1131 426 1187 reservatis
450 1131 598 1206 episcopo,
620 1130 661 1187 uti
675 1128 863 1187 communiter
885 1127 983 1186 dicunt
1000 1121 1153 1205 theologi.¹

65 1228 110 1285 Ab
137 1227 239 1286 haeresi
264 1237 358 1286 tamen
385 1238 502 1287 externa
522 1238 670 1301 nequeunt
694 1227 861 1286 confessarii
881 1227 1036 1294 absolvere,
1065 1245 1155 1299 quum

65 1327 220 1384 reservatio
242 1329 280 1385 sit
299 1327 424 1385 maxime
444 1327 593 1403 specialis:
615 1329 645 1385 in
665 1327 718 1384 hac
733 1336 826 1384 autem
846 1327 963 1403 regione
983 1325 1056 1383 inter
1069 1324 1155 1385 facul·

65 1435 135 1483 tates
149 1445 166 1482 a
179 1426 319 1485 Pontifice
333 1445 494 1495 concessas,
507 1444 576 1499 quas
591 1427 781 1485 missionariis
792 1427 1005 1485 communicant
1014 1424 1153 1503 episcopi,
1201 1448 1236 1527 g.

64 1542 97 1581 ea
110 1524 228 1583 facultas
241 1525 388 1602 reperitur,
412 1544 497 1597 quam
520 1524 626 1585 ideirco
646 1527 731 1584 etiam
746 1534 826 1583 extra
838 1524 991 1583 Jubilaeum
1007 1534 1152 1583 exercent.
1216 1530 1244 1567 Ψ·

64 1624 226 1682 Absolvunt
238 1625 322 1682 etiam
337 1644 353 1681 a
366 1625 494 1683 censuris
507 1624 620 1700 publice
634 1625 794 1693 contractis,
808 1633 837 1681 et
850 1623 885 1681 ad
898 1623 991 1681 forum
1004 1633 1153 1683 externum
1239 1680 1243 1685 .

66 1721 214 1780 deductis:
236 1732 264 1781 et
284 1731 329 1779 “a
349 1742 468 1781 censura
488 1724 522 1781 ab
545 1724 672 1792 homine,
694 1742 744 1780 seu
765 1744 781 1780 a
802 1740 982 1795 quocumque
998 1722 1096 1800 judice
1117 1722 1154 1782 de

61 1822 188 1896 partibus
208 1822 376 1880 nominatim
396 1821 485 1890 lata‚”
507 1822 541 1879 ad
562 1823 706 1889 effectum,
727 1821 882 1890 dumtaxat,
897 1820 1086 1897 indulgentias
1100 1821 1152 1881 Ju-

64 1920 139 1978 bilaei
153 1920 358 1994 consequendi,
373 1921 424 1979 sed
439 1932 583 1993 nequeunt
602 1921 682 1980 eade
696 1941 726 1979 re
740 1920 806 1978 dare
821 1920 910 1978 ullum
933 1917 1153 1980 testimonium.²

62 2018 106 2076 Ita
132 2021 274 2078 concessit
300 2020 473 2079 Benedictus
494 2020 578 2079 XIV.
606 2022 657 2093 qui
682 2031 775 2078 tamen
811 2019 988 2095 “prasentia
1014 2019 1150 2078 Jubilaei'’

63 2117 170 2175 faciens
184 2119 368 2187 mentionem,
383 2139 440 2178 non
455 2119 564 2177 videtur
572 2121 665 2197 legem
679 2119 839 2196 generalem
853 2119 993 2177 statuisse.

103 2221 173 2275 260.
196 2218 334 2284 Quidum
349 2229 477 2296 tempore
490 2217 605 2277 Jubilaei
625 2219 814 2287 confiteretur,
835 2228 1016 2294 peccatorum
1029 2236 1153 2275 reserva·

65 2330 157 2373 tomm
180 2316 283 2375 oblitus
305 2326 357 2385 est,
378 2317 424 2376 vel
447 2335 479 2373 ea
501 2319 599 2376 omisit
618 2336 655 2376 ex
676 2337 771 2386 causa,
796 2319 900 2394 poterit
924 2336 1024 2376 eorum
1039 2318 1152 2376 absolu·

65 2415 171 2473 tionem
187 2414 324 2492 deinceps
337 2417 484 2489 consequi,
504 2436 571 2475 nam
588 2418 636 2494 jus
658 2417 692 2475 ad
713 2436 777 2475 eam
797 2417 961 2474 confitendo
974 2436 1009 2475 eo
1024 2426 1151 2494 tempore

63 2514 222 2585 acquisivit.
265 2516 314 2573 Sic
328 2524 356 2573 et
369 2516 418 2588 qui
431 2517 518 2591 coepit
530 2516 667 2584 confiteri,
682 2516 734 2574 sed
748 2514 924 2573 absolutione
938 2534 995 2574 non
1009 2526 1053 2573 est
1066 2514 1151 2574 doua-

63 2623 108 2670 tus
134 2614 207 2671 intra
234 2624 346 2690 tempus
373 2613 497 2685 Jubilaei,
522 2615 625 2690 poterit
649 2635 666 2671 a
690 2615 839 2672 reservatis
860 2612 980 2680 absolvi,
1006 2630 1041 2670 eo
1067 2614 1151 2671 etiam

62 2722 214 2781 transacto,
229 2733 295 2773 nam
308 2723 352 2771 est
364 2715 540 2772 continuatio
553 2714 637 2790 coepti
646 2713 757 2788 judicii.

100 2815 170 2869 261.
194 2812 333 2872 Votorum
348 2815 532 2871 commutatio
546 2822 612 2890 post
625 2821 736 2889 tempus
755 2810 869 2869 Jubilaei
892 2810 927 2866 ab
950 2828 985 2868 eo
1006 2811 1151 2886 impetrari

62 2929 147 2985 posse
161 2911 281 2980 videtur,
296 2913 344 2985 qui
358 2931 445 2989 opera
457 2913 622 2988 praescripta
635 2910 772 2988 implevit,
795 2909 947 2982 acquisivit
966 2909 1041 2967 enim
1051 2909 1100 2984 jus
1115 2907 1152 2967 ad

61 3027 143 3067 eam:
165 3011 286 3087 proinde
300 3012 333 3069 ab
348 3012 403 3070 alio
417 3029 598 3084 quocumque
612 3010 786 3068 confessario
799 3007 918 3066 concedi
932 3018 1034 3084 potest.

99 3113 172 3168 262.
195 3110 311 3169 Vocalis
327 3111 419 3183 aliqua
434 3112 524 3168 oratio
547 3109 658 3167 videtur
677 3109 820 3186 plerisque
840 3107 999 3165 necessaria
1012 3106 1046 3164 ad
1059 3104 1151 3164 indul·

61 3209 187 3284 gentiam
213 3209 328 3268 Jubilaei
348 3209 590 3281 consequendam,
618 3227 684 3266 nam
707 3227 740 3266 ea
765 3200 907 3285 prae'cipue
934 3206 1099 3284 intelligitur
1121 3206 1151 3264 in

63 3306 183 3366 decretis
195 3309 348 3368 Ecclesiae.
391 3308 525 3381 Plerique
546 3316 672 3374 censent,
684 3307 782 3365 nescio
795 3326 852 3380 quo
863 3305 1056 3374 fundamento,
1068 3305 1150 3380 quiu-

62 3407 143 3479 quies
171 3410 329 3467 orationem
355 3408 538 3466 Dominicam
565 3417 594 3464 et
624 3408 821 3465 salutationem
848 3407 1006 3484 angelicam
1032 3406 1151 3465 recitan-

60 3505 135 3564 dam.
179 3506 213 3565 Si
234 3508 357 3565 visitatio
378 3507 506 3565 ecclesiae
527 3507 733 3582 praescribatur,
756 3506 863 3564 sufficit
882 3516 961 3564 extra
982 3525 1045 3564 eam
1059 3523 1150 3571 orare,

60 3606 171 3677 quoties
185 3606 365 3664 multitudine
385 3606 533 3665 hominum
555 3607 699 3682 ingressus
713 3605 876 3683 impeditur,
901 3605 947 3662 vel
967 3605 1094 3662 clausum
1114 3605 1152 3661 sit

60 3705 175 3762 ostium.
776 3709 778 3712 ’
851 3763 854 3767 ,

96 3807 167 3862 263.
190 3804 397 3881 Eleemosyna,
412 3805 438 3862 si
460 3823 512 3880 pro
532 3804 672 3880 cujusque
686 3802 816 3860 facultate
837 3798 928 3856 danda
941 3799 987 3866 sit,
1002 3799 1151 3874 copiosas

59 3901 195 3961 divitibus
219 3903 301 3962 detur
321 3912 459 3979 oporteat,
482 3921 533 3979 pro
556 3903 597 3959 rei
620 3901 648 3958 in
670 3919 754 3973 quam
775 3896 948 3957 conferenda
961 3905 1005 3954 est
1018 3897 1145 3953 ratione:

265 4125 307 4191 (1)
327 4123 389 4173 Ben.
398 4123 469 4172 XIV.
482 4123 568 4171 Const.
585 4119 738 4170 Convocatis.

265 4211 306 4276 (2)
326 4210 401 4274 Apud
413 4208 439 4258 S.
451 4207 616 4273 Alphonsum‚
628 4206 643 4255 l.
655 4204 687 4253 vi.
697 4220 723 4253 n.
735 4205 793 4252 5³7.
812 4201 892 4262 Quor.
906 4200 955 4250 viii.

266 4295 308 4360 (3)
329 4293 391 4343 Ben.
402 4292 567 4344 tornesac.
581 4287 735 4341 Convocatis.

571 4391 639 4444 22*
