2640 4860
418 1277 748 1358 TRACTATUS
791 1281 882 1360 XX.

321 1539 386 1603 DE
414 1539 674 1608 EXTREMA
702 1541 980 1612 ΠΝΟΤΙΟΝΕ.

494 1822 800 1832 *—

478 2024 620 2086 CAPUT
641 2025 824 2087 UNIOUM.

397 2245 423 2320 ὃ.
438 2244 462 2304 Ι.
504 2246 552 2305 Dr
573 2265 709 2306 narniam
728 2267 769 2308 nr
789 2266 897 2307 rorans.

144 2439 172 2493 l.
195 2433 337 2493 Extrema
349 2433 446 2491 unctio
458 2443 503 2492 est
512 2445 720 2494 sacramentum
730 2455 747 2492 a
758 2434 877 2495 Christo
887 2437 1016 2497 Domino
1026 2440 1199 2510 institutum,

101 2554 162 2609 quo
175 2551 228 2610 per
241 2531 404 2591 unctionem
417 2533 475 2591 olei
494 2542 522 2592 ct
541 2534 700 2593 orationem
724 2535 901 2593 asacerdote
920 2536 1034 2605 factam,
1053 2539 1195 2598 confertur

102 2626 223 2712 egroto,
237 2632 295 2689 vita
317 2633 497 2708 periclitanti,
512 2634 611 2710 gratia,
634 2652 690 2707 qna
714 2633 914 2692 tentationibus
939 2635 1060 2704 resistat,
1081 2636 1193 2696 dolores

102 2732 225 2812 patienti
238 2733 337 2790 animo
348 2731 427 2801 ferat,
439 2741 467 2789 et
479 2733 589 2808 peccati
599 2732 726 2806 reliquiis
740 2733 885 2800 abstersis,
896 2733 968 2791 bene
977 2734 1132 2794 moriatur:
1148 2736 1194 2794 vel

101 2835 126 2893 si
141 2834 182 2891 ita
195 2830 329 2906 expediat
341 2832 442 2893 animae
451 2832 545 2900 saluti,
559 2831 708 2908 pristinam
721 2840 870 2909 recuperet
879 2832 1039 2892 sanitatem.
1082 2832 1194 2894 Christi

103 2931 245 2990 institutio
259 2948 295 2987 ex
309 2930 341 2988 S.
355 2930 375 2989 J
379 2931 458 2989 acobi
479 2931 572 2988 verbis
590 2932 656 3008 jure
670 2932 779 3008 optimo
801 2931 952 3008 colligitur,
960 2926 1020 2990 ¹'nec
1041 2933 1117 2992 enim
1139 2934 1195 2992 nisi

102 3031 239 3089 divinitus
247 3029 411 3099 instructus,
422 3029 620 3106 descripsisset
632 3039 706 3089 certa
716 3049 780 3088 cum
789 3030 894 3090 fiducia
905 3031 1023 3090 effectus
1032 3033 1174 3091 unctionis
1185 3055 1193 3090 ε

104 3139 124 3166 “
136 3128 301 3188 Infirmatur
315 3131 379 3203 quis
400 3131 429 3188 in
448 3129 550 3187 vobis!
571 3130 685 3190 inducat
703 3131 886 3207 presbyteros
900 3131 1049 3200 Ecclesia,
1064 3141 1092 3190 et
1114 3144 1195 3192 orent

103 3248 191 3307 super
210 3248 286 3297 eum,
300 3237 439 3307 ungentes
453 3247 519 3286 eum
538 3229 614 3299 oleo,
629 3239 658 3288 et
676 3230 765 3288 oratio
780 3229 848 3290 fidei
870 3230 989 3290 salvabit
1002 3231 1156 3301 infirmum,
1167 3245 1196 3292 et

105 3329 250 3388 alleviabit
261 3347 326 3387 eum
350 3329 504 3396 Dominus,
518 3337 547 3386 et
565 3330 590 3386 si
603 3330 770 3406 inpeccatis
784 3331 832 3400 sit,
846 3332 1024 3391 remittentur
1043 3328 1120 3390 ei.”¹
1161 3334 1193 3391 S.

104 3428 236 3488 Thomas
250 3429 402 3506 opiniones
423 3422 551 3489 &versas
565 3427 600 3486 de
613 3429 676 3506 ejus
690 3429 866 3490 institutione
879 3422 1026 3491 recenset:
1049 3440 1068 3469 ‘⁴
1078 3433 1194 3506 quidam

105 3530 186 3587 enim
207 3527 315 3596 dicunt,
330 3528 408 3602 quod
427 3536 635 3586 sacramentum
656 3528 743 3598 istud,
758 3538 787 3586 et
809 3531 1044 3600 confirmationis,
1060 3530 1194 3591 Christus

104 3647 164 3687 non
177 3628 298 3686 instituit
311 3646 363 3705 per
375 3647 417 3698 se,
429 3626 480 3685 sed
499 3627 649 3704 Apostolis
663 3629 871 3688 instituendum
884 3629 993 3688 dimisit
995 3671 1122 3688 .......
1135 3630 1194 3688 Alii

105 3726 212 3795 dicunt,
226 3726 303 3800 quod
317 3729 413 3786 omnia
432 3737 610 3786 sacramenta
624 3727 758 3786 Christus
779 3728 900 3786 instituit
918 3728 1126 3802 perseipsum:
1143 3727 1194 3784 sed

105 3826 237 3899 quaedam
251 3828 442 3904 perseipsum
462 3827 664 3904 promulgavit,
678 3845 742 3901 que
762 3836 829 3918 saint
842 3825 957 3901 majoris
970 3824 1144 3883 difficultatis
1158 3823 1193 3882 ad

105 3924 297 3994 credendum3
313 3926 443 3999 quadam
457 3934 549 3984 autem
563 3926 710 4003 Apostolis
723 3922 929 4001 promulganda
942 3924 1105 3990 reservavit,
1120 3925 1195 3981 sicut

105 4035 263 4083 extremam
285 4027 450 4084 unctionem
464 4033 492 4082 et
504 4025 758 4084 confirmationem.
792 4024 832 4081 Et
845 4022 907 4080 haec
927 4022 1024 4098 opinio
1045 4039 1097 4096 pro
1117 4031 1194 4081 tanto

106 4125 218 4183 videtur
231 4125 411 4200 probabilior,
421 4126 487 4200 quia
500 4132 675 4182 sacramenta
688 4123 722 4182 ad
735 4122 950 4181 fundamentum
960 4121 1031 4198 legis
1042 4121 1193 4197 pertinent:

558 4318 601 4384 (l)
621 4315 705 4366 Jocar.
723 4317 761 4366 14.
