2640 4860
116 383 177 439 298
382 376 440 435 DE
463 373 639 436 NATURA
659 372 942 434 mruntmorttt.

117 554 268 605 renuente:
284 544 310 600 si
320 542 387 601 verb
401 541 437 601 dc
451 562 482 601 re
496 541 627 619 prasenti
642 540 688 598 vel
701 540 852 618 praeterita,
861 540 899 600 de
912 560 971 615 qua
983 540 1137 610 dubitatur,
1147 559 1199 600 cou-

117 643 187 702 ditio
201 643 249 707 ait,
263 660 437 700 consensum
452 639 613 718 suspendit,
626 638 718 699 donec
731 639 766 697 de
786 641 829 699 rei
850 643 970 700 veritate
984 650 1113 700 constet:
1134 642 1171 699 sic
1181 640 1200 698 si

117 741 212 819 puella
238 741 337 817 ignoto
358 741 468 800 homini
489 740 582 808 dicat,
605 739 761 798 ‘contraho
783 750 890 808 tecum,
912 742 939 798 si
959 741 1013 810 sis,
1026 742 1069 799 uti
1082 740 1201 806 affirmat,

117 840 194 899 tilius
206 842 260 898 viri
269 841 344 899 illius
354 841 374 897 τ’
390 841 600 900 matrimonium
611 839 694 907 valet,
706 839 731 896 si
740 839 836 916 reipsa
848 840 886 897 sit
898 840 1017 913 qualem
1027 859 1060 899 se
1070 840 1201 899 exhibuit:

118 960 204 998 secus
219 960 275 999 uon
291 940 407 998 valebit.

158 1045 209 1098 tu.
231 1040 294 1097 “Si
308 1040 486 1098 conditiones
506 1047 605 1097 contra
617 1037 802 1096 substantiam
817 1036 947 1114 conjugii
960 1037 1135 1107 inserantur,
1149 1047 1203 1115 puta

119 1140 144 1196 si
158 1140 228 1197 alter
236 1138 311 1196 dicat
321 1139 399 1196 alteri
411 1159 418 1195 ε
435 1148 443 1173 ‘
454 1137 602 1196 contraho
614 1147 718 1203 tecum,
727 1138 753 1195 si
764 1137 958 1214 generationis
969 1138 1084 1214 prolem
1098 1135 1203 1206 evites;'

120 1239 166 1296 vel
181 1237 289 1297 ·d0nec
303 1239 446 1296 inveniam
467 1237 549 1295 aliam
564 1236 684 1303 honore,
706 1235 750 1293 vel
763 1235 945 1294 facultatibus
958 1235 1125 1314 digniorem
1136 1236 1154 1305 ;'
1168 1247 1205 1294 aut

119 1339 163 1395 ‘si
178 1357 229 1414 pro
251 1350 361 1411 quaestu
388 1335 599 1395 adulterandam
620 1347 646 1393 tc
667 1335 781 1402 tradas,’
804 1336 1026 1395 matrimonialis
1045 1346 1204 1403 contractus,

119 1447 379 1510 quantumcumque
393 1439 431 1494 sit
443 1436 617 1502 favorabilis,
640 1444 718 1492 caret
737 1434 855 1494 effectu:
875 1435 945 1493 licet
964 1437 1029 1494 alim
1043 1435 1206 1495 conditiones

120 1537 258 1612 apposita
271 1538 300 1594 iu
317 1536 506 1603 matrimonio,
528 1535 553 1592 si
567 1544 663 1611 turpes
677 1543 725 1591 aut
738 1534 936 1611 impossibiles
951 1535 1072 1604 luerint,
1087 1535 1206 1602 debeant,

121 1648 237 1712 propter
251 1636 377 1695 savorem
391 1637 466 1714 ejus,
488 1653 611 1711 pronon
626 1632 745 1711 adjectis
759 1631 909 1693 haberi.’'¹
949 1633 993 1693 Ita
1007 1634 1135 1693 decrevit
1147 1635 1207 1692 Gre-

119 1735 218 1810 gorius
234 1734 287 1793 tx.
329 1733 474 1793 Caeterum
492 1753 590 1793 eorum
605 1735 654 1806 qui
669 1751 765 1791 coram
779 1733 927 1792 sacerdote
943 1735 1128 1803 contrahunt,
1142 1733 1208 1793 nulla

120 1832 232 1910 adjecta
245 1834 420 1904 conditione,
442 1835 571 1893 voluutas
591 1852 649 1891 uon
672 1831 783 1890 ridetur
805 1832 968 1909 colligenda
989 1853 1030 1891 ex
1052 1834 1206 1910 pactisque

119 1931 217 1991 forsan
239 1935 311 1992 inter
333 1952 365 1990 se
387 1935 518 2000 inierant,
539 1933 595 1991 nisi
618 1933 674 2009 ipsi
698 1931 816 1990 omniuo
835 1931 980 1990 volueriut
995 1933 1209 1992 consensumiu

120 2030 249 2090 delinire.
292 2032 371 2090 Hinc
384 2034 433 2106 qui
447 2033 593 2108 sponsalia
607 2032 684 2100 fecit,
699 2031 749 2089 illa
758 2032 890 2108 apposita
900 2031 1069 2110 conditione
1083 2031 1118 2090 de
1128 2033 1205 2090 vitan·

121 2129 157 2187 da
170 2132 362 2208 generatione,
384 2133 409 2188 si
433 2149 511 2189 more
534 2141 673 2190 consueto
693 2149 867 2189 consensum
891 2129 927 2188 de
941 2132 1081 2208 prasenti
1094 2139 1205 2209 prestet,

121 2229 332 2287 matrimonium
355 2247 421 2286 vere
443 2229 609 2287 contrahere
632 2230 796 2289 censendus
810 2239 871 2288 est:
895 2230 988 2289 multo
1002 2233 1098 2309 magis
1112 2235 1209 2290 constat

121 2324 156 2384 de
170 2327 265 2385 valore
279 2346 438 2385 cousensus
451 2328 618 2403 simpliciter
631 2330 761 2405 praestiti,
782 2330 850 2388 licet
868 2330 1072 2388 contrahentes
1086 2330 1141 2390 sibi
1153 2347 1207 2408 pru·

120 2427 269 2501 posuerint
294 2426 329 2484 ad
355 2436 468 2505 tempus
495 2427 582 2485 vitare
609 2429 836 2505 generationem.
891 2428 952 2487 Sed
976 2430 1079 2502 iuiqua
1104 2435 1208 2488 suntet

123 2526 244 2584 scelesta
264 2545 452 2600 quaecumque
465 2527 632 2606 hujusmodi
645 2539 737 2604 pacta.

391 2761 416 2834 §.
432 2760 487 2819 lll.
530 2760 578 2818 Du
599 2778 762 2818 arnuncort
782 2778 944 2818 conanusu.

162 2933 212 2986 41.
234 2930 388 2988 Parentum
412 2949 570 2988 consensus
593 2930 771 2987 necessarius
792 2947 850 2987 non
872 2938 916 2986 est
935 2927 971 2985 ad
986 2928 1113 2988 valorem
1126 2928 1210 2988 matri·

123 3029 213 3087 monii
228 3029 483 3096 filiorumsamilias,
499 3033 630 3103 quamvis
645 3028 822 3106 expetendus
840 3029 959 3089 omnino
982 3028 1030 3087 sit.
1075 3029 1211 3103 Equidem

123 3127 249 3205 theologi
263 3129 358 3203 plures
373 3138 392 3164 ‘⁶
404 3139 542 3187 exornant
555 3150 571 3187 a
584 3130 668 3205 culpa
682 3129 761 3205 gravi
774 3129 850 3186 filios
861 3128 1077 3187 matrimonium
1088 3130 1209 3189 ineuntes

122 3226 220 3283 invitis
246 3228 419 3302 parentibus,
447 3229 513 3300 quia
528 3270 535 3284 .
548 3270 555 3285 .
569 3271 596 3286 ..
612 3248 664 3306 per
690 3228 902 3287 matrimonium
925 3229 1050 3301 quisque
1074 3237 1210 3306 perpetue

122 3323 262 3398 obligatur
288 3326 416 3382 servituti
439 3327 565 3384 maxima
591 3346 688 3387 secum
713 3327 844 3385 afferenti
870 3345 966 3395 onera,
1004 3346 1070 3400 quae
1100 3329 1156 3387 nisi
1180 3343 1212 3385 er

122 3423 240 3479 omnino
254 3432 410 3500 spontanea
431 3423 571 3481 voluntate
592 3428 794 3504 suscipiantur,
809 3426 978 3485 difficillime
1000 3427 1121 3503 perferri
1141 3435 1212 3505 pote·

122 3513 237 3578 runt.”²
269 3522 390 3588 Quoties
411 3540 585 3580 consensum
612 3525 754 3603 denegant
773 3526 889 3604 injuste,
904 3526 948 3585 vel
969 3526 1119 3604 religionis
1142 3525 1212 3592 odio,

123 3621 169 3679 vel
192 3620 306 3679 arbitrio
336 3639 389 3678 suo
417 3622 576 3689 abutentes,
598 3624 775 3684 filiifamilias
801 3633 980 3684 excusantur
1008 3644 1026 3682 a
1050 3625 1147 3704 culpa,
1167 3622 1213 3684 sed

123 3721 264 3780 obnoxios
278 3741 309 3780 se
323 3722 449 3799 praebent
461 3722 583 3800 legibus,
598 3744 661 3797 quae
682 3726 779 3802 patriae
800 3725 931 3801 potestati
944 3724 999 3781 hac
1012 3725 1043 3781 in
1056 3743 1088 3782 re
1102 3726 1209 3784 lavent:

124 3821 200 3895 quod
215 3822 240 3879 si
255 3833 334 3883 extra
347 3830 457 3890 alueus,
472 3825 703 3900 seu'provinciae,
717 3823 867 3883 limitasse
890 3824 1039 3882 conserant
1051 3823 1086 3881 ad
1106 3826 1213 3902 nuptias

125 3922 342 3989 contrahendas,
356 3925 400 3981 vel
415 3924 470 3981 alio
484 3933 566 4000 pacto
589 3925 685 4003 legum
699 3942 799 4001 poenas
813 3923 933 3982 evadere
946 3923 1089 3993 studeant,
1104 3924 1213 3982 veritate

126 4019 226 4088 illaesa,
242 4042 300 4081 non
319 4021 450 4082 videntur
469 4023 622 4100 culpandi:
644 4043 728 4082 secus
748 4023 774 4080 si
794 4023 868 4082 salso
884 4025 1056 4102 juramento,
1070 4024 1118 4082 vel
1138 4021 1212 4082 salsis

128 4120 246 4178 testibus
260 4141 320 4180 rem
334 4122 541 4183 conficiendam
556 4133 665 4184 curent.
693 4124 835 4202 Magistri,
846 4124 947 4182 artium
961 4120 1087 4182 similem
1100 4122 1209 4186 habent,

228 4320 270 4386 (1)
291 4321 352 4386 cap.
364 4322 546 4377 mucram.
762 4327 804 4393 (a)
825 4323 1045 4391 amputata.
1057 4328 1115 4375 aar.
