2640 4860
188 125 229 181 rt
339 114 397 175 DE
419 109 782 173 CONSECRATIONE
802 109 1120 173 EUOHARISTIAE.

191 285 309 344 dicitur:
332 289 352 317 ‘⁴
364 279 430 338 Hoc
442 289 487 338 est
496 279 574 337 enim
587 296 692 356 corpus
705 297 803 338 meum
814 278 845 336 :”
867 279 897 338 in
907 279 1025 338 vinum:
1048 287 1068 316 “
1078 277 1137 337 Hic
1147 286 1193 336 est
1202 279 1282 336 enim

190 382 266 442 calix
284 379 430 457 sanguinis
444 379 510 447 mei,
524 379 594 436 novi
607 388 636 435 et
648 379 744 436 aeterni
765 378 935 446 testamenti,
949 378 1119 454 mysterium
1135 377 1216 445 fidei,
1231 372 1286 452 qui

190 499 242 558 pro
260 479 354 547 vobis,
375 486 404 536 et
424 495 477 554 pro
499 477 596 534 multis
616 475 777 535 effundetur
794 476 825 534 in
843 467 1043 535 remissionem
1061 470 1285 553 peccatorum.''

190 579 332 652 Pleraque
346 576 431 634 verba
443 577 473 633 iu
487 575 866 653 Evangeliisreperiuntu13
887 575 939 633 sed
947 593 1035 634 voces
1049 575 1123 633 illae:
1147 583 1167 611 ‘⁶
1179 571 1287 633 enim''

191 687 249 736 “et
261 675 379 734 aetemi”
402 676 601 750 “mysterium
618 673 706 733 fidei''
728 681 809 750 “pro
829 674 942 742 vobis,''
963 693 1001 732 ex
1013 675 1103 732 veteri
1128 672 1288 732 traditione

190 776 362 835 derivantur.
405 774 523 833 Nullam
549 791 649 831 vocem
675 790 714 833 ex
738 772 831 830 forma
855 773 1020 851 prescripta
1043 773 1111 831 licet
1135 773 1287 838 omittere,

190 894 280 950 quum
300 873 441 932 Ecclesiae
461 871 637 931 consuetudo
658 871 716 930 vim
735 870 838 930 habeat
854 872 927 948 legis
948 872 1100 949 obligantis
1123 872 1177 928 sub
1200 870 1287 948 gravi

190 984 325 1052 peceat03
347 972 382 1030 de
391 990 421 1030 re
430 971 506 1029 enim
520 971 689 1046 gravissima
702 969 803 1047 agitur,
813 971 881 1028 tanti
894 971 1064 1029 sacramenti
1076 970 1280 1030 confectione:

191 1080 363 1151 quapropter
382 1078 480 1127 censet
506 1069 538 1125 S.
560 1069 727 1145 Alphonsus
749 1068 936 1128 omissionem
958 1071 1039 1128 vocis
1066 1067 1197 1128 “enim'’
1220 1087 1280 1127 nou

189 1169 412 1248 improbabiliter
431 1167 558 1225 damnari
579 1166 615 1224 de
635 1166 757 1225 mortali.
799 1165 884 1232 Quod
903 1168 929 1226 si
949 1169 1013 1240 quis
1030 1184 1132 1227 vocem
1153 1168 1279 1239 aliquam

189 1272 340 1335 omitteret,
354 1284 389 1324 eo
403 1265 480 1338 quod
493 1267 521 1324 in
536 1266 695 1324 narratione
716 1264 891 1342 Evangelica
904 1285 963 1324 non
981 1267 1149 1342 reperiatur,
1164 1267 1278 1323 inanem

188 1369 293 1426 mentis
307 1364 484 1441 scrupulum,
500 1365 544 1422 vel
558 1365 711 1441 superbum
724 1365 938 1440 opinamentum
955 1364 1067 1442 judicio
1080 1376 1109 1423 et
1121 1364 1278 1423 auctoritati

189 1465 330 1524 Ecclesiae
344 1472 539 1539 anteponeret,
554 1482 620 1521 cum
632 1463 781 1522 manifesta
792 1463 879 1539 hujus
893 1463 1007 1541 injuria,
1028 1482 1090 1537 quae
1104 1463 1277 1520 vestustissi-

189 1582 265 1622 mam
286 1562 465 1622 traditionem
480 1564 534 1622 hac
548 1563 578 1621 in
597 1582 628 1621 re
648 1570 758 1621 servat:
780 1570 927 1638 peccatum
947 1562 1066 1638 proinde
1087 1563 1161 1621 soret
1180 1579 1274 1639 grave.

190 1662 334 1722 Caeterum
355 1663 462 1720 valeret
487 1661 671 1729 consecratio,
693 1661 809 1719 omissis
836 1661 963 1736 pluribus
990 1662 1118 1730 vocibus,
1140 1679 1208 1719 nam
1235 1660 1276 1717 hae

187 1761 393 1827 tautummodo,
399 1762 484 1837 juxta
492 1760 716 1817 communiorem
727 1768 755 1815 et
764 1759 981 1835 probabiliorem
990 1763 1171 1828 sententiam,
1181 1777 1278 1818 neces·

188 1861 269 1918 sarie
280 1869 362 1917 sunt:
376 1857 464 1914 “Hoc
474 1865 518 1914 est
526 1875 628 1932 corpus
639 1875 734 1914 meum
744 1857 775 1912 :’'
791 1856 872 1915 “Hic
882 1867 926 1916 est
934 1858 1010 1916 calix
1018 1860 1167 1936 sauguinis
1178 1860 1237 1917 mei
1246 1856 1275 1924 ;”

188 1957 234 2015 vel
255 1964 274 1991 ‘⁶
287 1955 344 2013 Hic
358 1963 401 2011 est
413 1955 530 2030 sanguis
544 1953 659 2012 meus.'’
701 1956 798 2022 Quum
812 1955 897 2013 verba
910 1957 1088 2033 proferantur
1100 1979 1117 2016 a
1128 1957 1276 2016 sacerdote

187 2053 297 2112 Christi
310 2049 391 2117 vices
404 2063 532 2128 gerente,
546 2054 611 2129 ipsa
624 2071 687 2127 quae
701 2053 836 2113 Christus
845 2053 927 2124 dixit,
942 2056 1086 2124 sacerdos,
1095 2059 1160 2135 ejus
1173 2073 1275 2134 gerens

189 2169 349 2230 personam,
371 2149 493 2228 profert:
521 2160 550 2208 et
569 2151 688 2227 proinde
709 2172 766 2211 non
789 2153 882 2212 valere
903 2138 1033 2213 censetur
1055 2156 1110 2215 alia
1136 2155 1274 2214 formula:

189 2251 284 2310 “Hoc
310 2260 353 2308 est
378 2268 481 2326 corpus
509 2249 617 2309 Christi
628 2251 658 2308 :'’
693 2252 759 2324 quia
782 2251 916 2310 sacerdos
942 2252 1052 2313 Christi
1073 2255 1191 2313 nomine
1218 2272 1275 2311 non

188 2352 358 2425 loqueretur.
401 2348 475 2407 Sunt
488 2351 537 2424 qui
550 2351 781 2426 censentpraevia
793 2351 841 2408 illa
854 2352 955 2409 verba:
979 2353 1069 2420 “Qui
1082 2353 1175 2430 pridie
1190 2371 1275 2426 quam

190 2460 339 2527 pateretur,
354 2446 432 2506 etc.’'
454 2450 615 2507 necessaria
636 2467 700 2507 esse
720 2448 755 2508 ad
780 2451 1041 2520 consecrationem
1068 2452 1120 2510 sed
1140 2452 1277 2510 contraria

189 2549 377 2608 verosimilior
390 2555 434 2605 est
446 2549 603 2606 sententia:
626 2556 756 2625 peccaret
764 2558 857 2605 tamen
872 2549 994 2625 graviter
1006 2551 1057 2622 qui
1069 2570 1103 2609 ea
1123 2551 1275 2615 omitteret,

187 2668 275 2722 quum
295 2649 393 2725 jubeat
412 2646 537 2705 Rubrica
556 2648 591 2705 ab
610 2647 645 2705 iis
668 2647 777 2705 initium
796 2645 954 2706 ducendum
977 2650 1088 2721 quoties
1102 2651 1139 2708 ob
1157 2649 1275 2707 dubium

187 2748 364 2807 consecratio
375 2755 418 2802 est
427 2746 589 2822 repetenda.
632 2747 736 2804 Peccat
745 2747 827 2805 etiam
839 2746 1017 2823 gravissime,
1028 2749 1113 2825 juxta
1123 2749 1275 2813 Rubricas,

187 2848 237 2918 qui
251 2845 357 2916 aliquid
371 2844 449 2901 addit
467 2845 577 2911 sormae,
591 2846 702 2902 etiamsi
725 2845 963 2921 significationem
986 2864 1043 2905 non
1066 2856 1171 2904 mutet:
1193 2848 1223 2904 in
1245 2864 1275 2902 re

187 2946 264 3002 enim
279 2943 347 2999 tanti
360 2942 498 2999 momenti
512 2942 560 2998 vix
574 2941 654 2999 datur
666 2943 740 3000 levis
754 2945 878 3001 materia.

225 3046 275 3099 21.
297 3039 354 3106 Qui
368 3039 466 3096 formae
480 3039 565 3096 verba
581 3058 618 3096 ex
631 3039 736 3116 linguae
746 3041 815 3098 vitio
825 3051 923 3110 mutat,
933 3061 1019 3100 sensu
1032 3044 1143 3120 integro
1160 3056 1275 3101 servato

182 3140 265 3215 juxta
290 3154 471 3194 communem
499 3136 646 3194 hominum
673 3138 897 3209 estimationem,
919 3143 1034 3199 conficit
1054 3151 1275 3200 sacramentum.

186 3235 264 3295 Hinc
274 3235 322 3309 qui
334 3233 447 3292 diceret:
461 3233 544 3292 “Hic
555 3244 599 3292 est
608 3255 712 3312 eorpus
724 3238 852 3305 meum;’'
863 3259 933 3299 voce
943 3240 1031 3298 “hic”
1041 3259 1093 3317 pro
1104 3241 1276 3317 pronomine

186 3333 406 3394 demonstrativo
421 3343 515 3400 utens,
530 3332 672 3393 videretur
685 3336 826 3394 conficere
847 3349 1070 3406 sacramentum3
1094 3358 1152 3397 non
1166 3341 1234 3397 item
1250 3340 1276 3396 si

185 3435 312 3495 adverbii
324 3435 412 3493 instar
431 3450 493 3490 eam
514 3431 668 3492 adhiberet.
710 3435 744 3492 Si
757 3452 787 3492 ea
805 3434 914 3495 dicatur
934 3456 988 3513 pro
1010 3443 1076 3508 est3
1099 3436 1200 3516 colpus
1222 3457 1276 3514 pro

185 3554 292 3615 corpus
302 3556 315 3606 ,-
336 3532 381 3591 vel
401 3550 543 3611 carpum
570 3550 671 3591 meum
690 3552 742 3610 pro
762 3552 881 3606 meum,-
909 3535 982 3594 colis
1004 3555 1056 3613 pro
1077 3535 1179 3607 calin,
1201 3555 1276 3594 zon·

185 3637 294 3713 guinis
308 3652 359 3711 pro
373 3631 559 3710 sanguinis,-
580 3651 666 3690 voces
680 3632 788 3690 eaedern
801 3634 950 3693 habentur.

224 3739 274 3792 22.
293 3735 328 3793 In
337 3731 528 3791 consecranda
535 3731 868 3791 eucharistiavoluntaria
876 3734 963 3792 animi
972 3732 1275 3810 distractiopeccatum

185 3848 270 3905 grave
296 3841 348 3897 est,
376 3832 489 3904 quando
511 3832 621 3890 scilicet
637 3833 702 3906 quis
721 3831 839 3889 advertit
864 3851 895 3890 se
918 3832 1047 3901 distrahi,
1074 3843 1102 3890 ct
1128 3833 1166 3890 nil
1196 3843 1276 3890 curat

185 3930 311 3985 animum
337 3927 373 3985 ad
399 3948 458 3989 rem
486 3932 556 3989 tanti
581 3932 718 3990 momenti
744 3927 901 3989 revocare.¹
955 3931 1018 3990 “Si
1044 3932 1194 3995 celebrans
1217 3949 1274 3988 nou

551 4105 594 4170 (1)
614 4105 641 4156 s,
653 4104 728 4169 nrpu.
740 4105 756 4154 1.
766 4104 799 4154 vi.
810 4119 836 4153 n.
848 4107 906 4153 aar.
