2640 4860
182 380 239 436 lts
526 367 584 428 DE
606 365 916 428 GONFESSIONE.

183 541 273 620 gratia
285 537 358 604 Deit
379 546 439 596 tum
451 545 483 595 ut
494 554 562 595 cum
575 536 677 612 majori
696 534 854 593 reverentia
873 533 909 592 ad
927 533 1142 595 Eucharistiam
1156 535 1263 595 acceda-

183 649 243 697 tur:
264 646 325 697 turn
338 637 424 694 stiam
437 645 470 693 ut
481 634 666 695 ecclesiarum
677 634 833 693 rectoribus
845 633 891 692 sui
910 633 1016 691 subditi
1029 635 1219 703 innotescant,
1232 654 1264 694 ne

181 736 266 815 lupus
292 737 364 795 intra
383 752 500 813 gregem
526 734 619 792 lateat
621 725 657 760 ”¹
706 733 764 799 Qui
789 732 975 809 procliviores
999 741 1068 791 sunt
1093 733 1130 792 ad
1155 743 1267 811 peccata

57 874 76 917 ι
180 837 309 897 maxime
334 833 464 911 indigent
486 833 677 892 consessionis
702 831 841 899 remedio,
868 830 904 888 ad
928 831 1005 904 quod
1030 832 1269 892 adhibendumne

177 933 341 997 „labarum
361 941 490 992 tenentur
510 933 572 1010 ipsa
592 933 690 990 salutis
710 928 901 990 solicitudine.
944 930 1057 996 Quibus
1077 951 1115 990 ex
1137 931 1268 990 dilatione

176 1032 279 1115 hpsus
291 1033 452 1112 periculum
471 1050 531 1090 non
550 1032 689 1099 imminet,
710 1050 768 1089 non
788 1038 919 1087 tenentur
931 1031 1027 1088 atatim
1041 1031 1190 1099 confiteri3
1211 1028 1269 1098 sed,

173 1132 274 1213 judica
299 1132 332 1192 8.
353 1131 478 1199 Thomu,
499 1141 620 1207 possum
639 1129 782 1207 paschatis
805 1139 917 1204 tempus
937 1139 1108 1206 expectare:
1131 1129 1270 1188 “differre

178 1233 389 1294 confessionam
399 1247 490 1303 usque
503 1229 607 1288 adhoc
620 1239 733 1306 tempus
747 1246 798 1306 per
810 1247 842 1286 se
854 1226 999 1301 loquendo
1012 1229 1123 1288 licitum
1137 1237 1199 1287 cst:
1220 1227 1270 1287 sed

180 1351 232 1411 per
244 1330 376 1391 accidens
390 1337 484 1406 potest
495 1328 557 1386 fieri
570 1327 709 1396 illicitum,
725 1338 792 1406 puta
804 1328 830 1385 si
844 1327 992 1385 immineat
1004 1327 1107 1401 aliquis
1122 1328 1266 1396 articulus,

179 1432 210 1493 in
223 1449 280 1506 quo
293 1428 437 1488 confessio
448 1422 656 1500 requiratur.”²
695 1425 806 1486 Censet
825 1425 858 1484 S.
873 1427 1076 1485 Bonaventura
1094 1437 1269 1505 praeceptum

179 1527 333 1590 confitendi
346 1527 481 1604 obligare,
492 1535 654 1602 opportuna
673 1525 737 1583 data
749 1526 899 1585 occasione
908 1518 932 1583 :³
951 1526 1033 1603 cujus
1048 1535 1145 1586 nmen
1158 1535 1268 1586 senteu-

181 1630 219 1687 tia
231 1627 307 1707 apud
321 1626 475 1704 plerosque
488 1645 547 1685 non
559 1634 603 1683 est
614 1635 737 1702 recepta.

436 1880 462 1955 §.
485 1878 541 1938 III.
583 1877 631 1936 Da
652 1897 788 1936 ιιιιιιιιιι
807 1895 999 1936 uacassaara.

226 2056 275 2111 37.
297 2050 419 2111 Peccata
438 2050 535 2108 omnia
556 2048 586 2106 iu
615 2048 797 2106 confessione
826 2047 995 2106 declaranda
1019 2064 1057 2105 ex
1083 2048 1149 2125 ipsa
1168 2046 1272 2125 judicii

185 2151 301 2207 notione
310 2149 376 2224 jure
389 2147 517 2214 infertur,
532 2165 596 2205 nam
611 2145 710 2204 eadem
724 2146 759 2205 de
773 2147 906 2205 omnibus
920 2155 964 2205 est
975 2147 1055 2214 ratio,
1070 2147 1181 2205 scilicet
1191 2155 1224 2205 ut
1236 2146 1271 2205 de

181 2245 218 2304 iis
227 2244 338 2322 judicet
350 2244 494 2311 sacerdos,
507 2255 600 2302 utrum
615 2244 672 2301 sint
684 2245 881 2313 condonanda,
896 2256 925 2304 et
934 2264 991 2319 qua
1003 2243 1177 2304 conditione.
1209 2244 1272 2303 “In

180 2341 323 2402 medicina
348 2341 519 2418 corporali,’'
543 2343 636 2415 inquit
655 2342 687 2400 S.
711 2343 853 2412 Thomas,
885 2353 1023 2420 “oportet
1044 2343 1124 2417 quod
1144 2344 1272 2403 medicus

179 2459 238 2500 non
252 2439 345 2499 solum
360 2459 448 2500 unum
462 2442 593 2500 morbum
614 2452 712 2500 contra
731 2462 817 2516 quem
830 2442 1000 2501 medicinam
1014 2442 1082 2522 dare
1097 2443 1193 2512 debet,
1207 2461 1272 2520 cog·

179 2548 289 2607 noscat,
303 2539 451 2599 sedetiam
466 2541 664 2600 universaliter
677 2550 762 2600 totam
776 2541 971 2600 habitudinem
983 2542 1076 2616 ipsius
1090 2542 1214 2600 infirmi:
1237 2561 1271 2600 eo

181 2640 258 2713 quod
279 2659 353 2698 unus
373 2641 489 2698 morbus
509 2658 546 2698 ex
561 2639 740 2717 adjunctione
754 2642 868 2699 alterius
882 2651 1067 2717 aggravatum
1090 2650 1119 2699 et
1130 2639 1272 2699 medicina

181 2757 244 2812 quae
256 2739 306 2797 uni
320 2741 419 2798 morbo
432 2748 614 2817 competeret,
630 2740 709 2797 alteri
722 2748 923 2798 nocumentum
938 2749 1093 2816 praestaret.
1120 2740 1162 2798 Et
1173 2739 1271 2798 simili·

178 2847 220 2894 ter
232 2847 277 2896 est
288 2838 317 2896 in
332 2841 472 2913 peccatis:
495 2839 562 2912 quia
584 2858 672 2898 uuum
693 2848 859 2915 aggravatur
877 2857 914 2896 ex
934 2838 1119 2915 adjunctione
1145 2838 1269 2906 alterius,

181 2945 211 2994 et
223 2935 293 2995 illud
316 2937 394 3009 quod
417 2939 466 2996 uni
488 2947 605 3014 peccato
628 2947 705 2996 esset
723 2938 896 2995 conveniens
917 2937 1066 3006 medicina,
1081 2938 1163 2996 alteri
1174 2938 1269 2996 incen-

182 3036 270 3094 tivum
285 3045 439 3111 praestaret,
453 3056 519 3095 cum
534 3036 703 3110 quandoque
724 3036 826 3110 aliquis
846 3037 993 3094 contrariis
1006 3037 1131 3112 peccatis
1145 3037 1266 3095 insectus

181 3134 227 3201 sit,
241 3143 272 3191 ut
285 3133 443 3210 Gregorius
457 3137 486 3193 iu
501 3136 640 3194 Pastor-ali
654 3135 745 3193 docet.
787 3135 828 3193 Et
847 3133 912 3192 ideo
926 3133 960 3191 de
973 3135 1143 3193 necessitate
1158 3136 1268 3193 confes·

181 3232 271 3290 sionis
284 3239 337 3298 est,
359 3232 436 3303 quod
457 3232 545 3291 homo
566 3235 662 3291 omnia
684 3241 800 3309 peccata
822 3232 988 3292 confiteatur
1007 3251 1070 3305 quae
1084 3233 1115 3291 in
1129 3235 1269 3292 memoria

179 3328 281 3386 habet.
303 3327 380 3400 quod
405 3333 510 3389 sinon
536 3331 630 3399 faciat,
657 3350 715 3390 non
748 3342 791 3388 est
819 3331 971 3400 consessio,
1005 3332 1057 3389 sed
1077 3332 1268 3391 consessionis

179 3426 334 3485 simulatio.
338 3419 375 3453 ”⁴
415 3427 494 3486 Hinc
508 3429 660 3488 concilium
671 3429 871 3489 Tridentiuum
885 3430 969 3488 dicit.
993 3431 1134 3503 “Siquis
1154 3431 1268 3499 dixerit,

178 3528 209 3586 in
222 3534 397 3583 sacramento
408 3528 587 3585 Poenitentiae
608 3529 641 3586 ad
661 3529 859 3588 remissionem
880 3539 1058 3605 peccatorum
1075 3532 1270 3588 necessarium

179 3645 235 3686 non
257 3643 320 3684 esse
340 3625 406 3703 jure
426 3625 522 3684 divino
547 3628 675 3686 confiteri
695 3628 791 3686 omnia
810 3638 839 3686 et
860 3629 973 3706 singula
992 3636 1111 3704 peccata
1130 3629 1268 3697 mortalia,

180 3745 300 3801 quorum
315 3725 452 3784 memoria
471 3745 536 3785 cum
557 3726 652 3785 debita
671 3736 700 3785 et
720 3726 848 3803 diligenti
867 3726 1109 3804 praemeditatione
1123 3727 1267 3795 habeatur,

184 3828 266 3885 etiam
281 3825 401 3894 occulta,
416 3834 445 3883 et
457 3844 520 3899 quae
534 3835 600 3884 sunt
611 3835 708 3885 contra
728 3825 785 3883 duo
805 3825 905 3884 ultima
918 3826 1058 3904 Decalogi
1071 3836 1224 3904 praecepta,
1238 3838 1267 3886 et

182 3926 406 3986 circumstantias
432 3944 495 3998 quae
521 3926 631 4001 peccati
650 3925 776 4009 speciem
801 3933 980 3984 mutant...
1001 3926 1153 3984 anathema
1177 3921 1263 3984 sit.’‘⁵

211 4145 269 4232 (1)
273 4145 360 4208 Supst‘
345 4146 378 4195 ιιι.
390 4160 414 4208 p
425 4160 465 4208 qu.
477 4144 509 4194 vi.
520 4145 581 4194 art.
574 4144 609 4195 ιιι.
642 4144 717 4213 Resp.
821 4146 864 4211 (2)
884 4145 998 4206 Quodlib.
1009 4145 1078 4195 dart.
1089 4144 1124 4194 xi.

211 4205 269 4292 (3)
273 4227 320 4277 ln
313 4244 346 4277 ιι
356 4228 478 4278 distxvii.
487 4243 528 4291 qu.
538 4228 563 4277 ιι.

210 4311 717 4381 (4.)Suppliii.p..quix.artii·1tssp.
820 4314 1264 4384 (s)sas.1rv.can.vitdepoenit.
