2640 4860
349 348 637 485 Dstffl'l'llo
657 352 868 428 BsP'rlsnss.
1113 361 1153 416 30

63 536 135 592 quo,
148 517 302 579 deficiente
315 516 482 593 ΝΜ
490 519 539 581 vel
551 519 665 591 clerieo,
679 520 773 595 quivis
785 521 876 585 laicus
891 529 989 600 potest
999 520 1154 600 baptizare,

62 618 125 677 imo
139 625 258 689 tenetur,
274 627 307 678 ut
319 616 559 683 situatam
578 640 608 680 n.
632 623 680 679 19.
704 640 771 682 cum
791 622 824 680 S.
838 623 945 683 Antou.
969 631 1023 681 etc.
1045 621 1154 701 duplex

63 726 109 774 est
133 719 264 778 minister
282 718 425 796 baptismi,
446 720 556 798 primus
573 719 736 780 ordinarius
760 739 799 781 ex
816 722 925 791 officio,
946 721 1089 783 secundus
1109 733 1155 783 est

64 816 197 879 minister
208 813 764 885 ιιιιιοιιῐίιιιιιίιιιοιοιιιιιιιιίοείοιιι.”ι

108 919 156 976 17.
178 916 306 977 Omnino
318 918 521 1001 improbandus
543 926 588 978 est
608 937 672 979 mos
685 921 868 983 obstetricum
887 920 1073 994 quarundam,
1087 939 1153 995 quar

65 1013 189 1075 infantes
202 1016 432 1087 acatholicorum,
452 1036 525 1093 quos
539 1040 556 1078 a
568 1019 731 1096 parentibus
751 1018 788 1077 sd
806 1019 980 1097 baptismum
992 1018 1153 1079 afferendos

67 1132 124 1172 non
150 1123 261 1191 putant,
294 1114 388 1176 statim
414 1136 432 1174 a
456 1126 539 1195 partu
563 1120 718 1195 baptizant,
752 1118 832 1181 nullo
862 1119 1028 1178 imminente
1054 1119 1153 1178 mortis

68 1213 210 1288 periculo:
232 1233 299 1273 nam
313 1223 418 1275 temere
431 1227 582 1293 usurpatur
594 1237 611 1274 a
623 1218 742 1277 muliere
755 1216 882 1276 officium
895 1235 1019 1286 sacrum,
1033 1217 1110 1289 quod
1123 1218 1154 1276 in

70 1311 128 1370 sola
147 1321 276 1371 extrema
295 1315 462 1373 necessitate
481 1316 562 1374 licet:
584 1324 615 1373 ut
635 1317 707 1374 nihil
729 1315 857 1375 dicamus
878 1315 914 1374 de
937 1316 1040 1394 injuria
1063 1335 1153 1375 sacra·

70 1421 163 1470 mento
177 1412 310 1490 irrogata,
330 1411 409 1487 quod
429 1413 571 1472 confertur
583 1415 690 1488 absque
710 1415 768 1472 ulla
787 1414 928 1493 probabili
941 1433 992 1491 spe
1004 1414 1152 1473 catholicas

70 1509 275 1586 baptizatorum
283 1510 469 1581 educationis,
478 1522 576 1571 etcum
588 1514 714 1589 periculo
724 1514 890 1583 iterationis,
898 1532 985 1587 quum
995 1514 1078 1572 facile
1087 1532 1153 1572 con·

71 1609 310 1686 tingatiufantesa
316 1612 479 1687 parentibus
488 1611 623 1688 deinceps
632 1613 727 1671 afferri
735 1612 1019 1690 baptizandos,velad
1028 1613 1154 1672 adultam

71 1717 177 1766 etatem
189 1709 387 1784 pervenientes
401 1711 481 1786 ipsos
494 1719 628 1787 expetere
641 1712 826 1788 baptismum,
842 1711 887 1769 vel
900 1713 953 1770 sub
967 1722 1087 1771 mortem
1102 1731 1152 1770 ex·

70 1808 171 1883 cipere,
186 1807 317 1885 neglecto
330 1810 503 1885 poenitentiae
516 1812 678 1868 necessario
691 1810 829 1868 subsidio.
871 1809 1045 1869 Obstetrices
1059 1821 1154 1870 autem

71 1905 185 1964 edocere
211 1915 325 1985 oportet
347 1909 432 1967 ritum
463 1907 636 1985 baptizandi,
669 1918 710 1979 ut,
738 1908 905 1967 necessitate
931 1918 1059 1986 urgente,
1087 1928 1153 1967 eum

71 2005 226 2082 perficiant.

107 2107 154 2162 18.
177 2105 276 2163 Nemo
289 2105 416 2181 seipsum
437 2104 512 2164 valet
524 2107 678 2183 baptizare,
701 2106 798 2181 “quia
818 2107 892 2164 inter
910 2106 1105 2184 baptizantem
1126 2116 1155 2164 et

70 2203 243 2281 baptizatum
257 2202 341 2262 debet
353 2223 418 2262 esse
439 2203 583 2273 discretio,
604 2207 679 2264 sicut
697 2224 735 2265 ex
759 2206 854 2263 verbis
868 2205 988 2264 Domini
1000 2206 1152 2283 colligitur,

68 2301 186 2362 dicentis
199 2303 365 2381 Apostolis:
386 2304 429 2362 Ite
448 2304 589 2380 baptizate
609 2323 710 2363 omnes
723 2295 873 2384 gentes.”²
890 2305 933 2364 Ita
946 2307 1057 2364 censuit
1069 2305 1155 2365 Inno-

70 2404 177 2461 centius
191 2403 248 2461 Ill.
277 2474 281 2482 Ι

108 2505 156 2560 19.
189 2502 316 2578 Urgente
342 2503 511 2561 necessitate
534 2511 600 2561 tunc
625 2512 734 2562 tantum
759 2503 833 2561 laico
858 2504 925 2562 licet
950 2504 1106 2581 baptizare,
1129 2507 1154 2561 si

68 2603 150 2678 copia
162 2620 222 2660 non
234 2601 271 2658 sit
283 2599 454 2669 sacerdotis;
475 2610 647 2678 quapropter
669 2612 768 2678 peccat
787 2603 907 2679 graviter
927 2603 952 2658 si
970 2620 1074 2660 munus
1088 2602 1155 2676 bap·

68 2700 173 2759 tizandi
186 2707 315 2776 usurpet,
338 2699 451 2772 quando
471 2699 647 2759 sacerdotem
661 2701 743 2759 facile
757 2701 849 2778 possit
861 2717 1020 2758 arcessere:
1042 2699 1115 2757 sicut
1128 2709 1156 2757 et

66 2808 166 2875 peccat
179 2797 323 2867 sacerdos,
334 2816 418 2857 snum
431 2798 575 2877 denegans
589 2801 788 2869 ministerium,
811 2798 888 2872 quod
901 2807 1033 2874 praestare
1047 2799 1154 2886 possit;

67 2906 93 2955 et
105 2918 142 2958 eo
156 2897 272 2973 quidem
286 2898 401 2975 gravius
421 2917 539 2975 peccare
563 2898 723 2957 censendus
744 2909 798 2966 est,
819 2899 844 2955 si
866 2916 903 2954 ex
917 2897 984 2955 laici
998 2898 1154 2972 imperitia,

66 2999 110 3056 vel
123 2998 344 3075 perturbatione,
358 2998 515 3059 timendum
537 2999 575 3056 sit
593 3015 629 3055 ue
650 2996 742 3055 infans
756 2996 832 3055 haud
845 2995 1005 3072 baptizatus
1019 2993 1155 3052 discedat.

68 3094 213 3156 Caeterum
228 3097 253 3154 si
267 3105 381 3172 tempus
394 3097 432 3154 sit
445 3116 565 3164 saevum,
583 3097 691 3168 iterque
704 3096 903 3173 longinquum,
925 3095 971 3152 vel
984 3095 1009 3152 si
1023 3093 1155 3152 sacerdos

67 3197 103 3253 sit
115 3197 238 3255 infirma
251 3194 433 3264 valetudinis,
444 3195 490 3254 vel
503 3196 634 3273 plurimis
645 3196 717 3252 sacri
730 3195 775 3253 sui
786 3194 910 3253 muneris
921 3193 1156 3270 occupationibus

68 3293 219 3363 distentus,
233 3312 292 3352 non
304 3294 416 3353 videtur
434 3313 553 3372 peccare
567 3292 724 3372 rejiciendo
737 3293 903 3371 baptizandi
922 3313 995 3352 onus
1010 3293 1039 3352 in
1051 3293 1156 3352 laicum

70 3394 118 3466 qui
131 3394 160 3454 id
174 3401 307 3471 praestare
320 3395 400 3452 sciat.

106 3498 158 3552 20.
181 3492 261 3551 Ordo
274 3492 428 3551 servandus
449 3501 494 3550 est
512 3494 598 3551 etiam
619 3491 649 3549 in
669 3501 795 3550 extrema
807 3493 994 3552 necessitate:
1016 3492 1071 3551 “si
1084 3491 1158 3549 adsit

68 3592 212 3661 sacerdos,
227 3589 348 3650 diacono
369 3591 541 3669 preferatur,
562 3592 700 3650 diaconus
722 3590 907 3660 subdiacono,
928 3592 1050 3650 clericus
1069 3591 1154 3655 laico,

71 3700 100 3748 et
118 3693 161 3750 vir
187 3691 323 3758 foeminae,
343 3691 400 3749 nisi
419 3689 535 3766 pudoris
561 3690 651 3768 gratia
675 3689 773 3749 deceat
797 3690 944 3749 foeminam
958 3692 1053 3767 potius
1067 3704 1154 3759 quam

70 3789 161 3850 virum
187 3789 332 3866 baptizare
358 3788 494 3848 infantem
520 3807 579 3848 non
611 3789 729 3849 omnino
755 3788 873 3855 editum,
900 3787 946 3844 vel
971 3787 1029 3846 nisi
1053 3785 1157 3843 melius

70 3887 187 3949 foemina
212 3889 299 3946 sciret
317 3888 437 3947 sormam
459 3898 488 3946 et
509 3888 627 3948 modum
647 3885 820 3964 baptizandi.
862 3887 1042 3961 Quapropter
1060 3901 1158 3942 curare

33 3976 40 4000 ²
71 3985 154 4047 debet
166 3986 320 4064 parochus,
334 3997 366 4045 ut
376 3986 488 4056 fideles,
508 3988 665 4064 prasertim
678 3986 853 4052 obstetrices,
873 3991 982 4042 rectum
995 3981 1159 4059 baptizandi

71 4085 154 4146 ritum
166 4086 257 4164 probe
270 4094 384 4145 teneant
394 4095 423 4145 et
435 4096 557 4146 servent.
599 4085 686 4145 Pater
705 4090 752 4142 aut
773 4092 862 4142 mater
881 4082 1025 4162 propriam
1046 4082 1158 4158 prolem

106 4311 148 4378 (1)
167 4308 198 4362 n.
212 4310 282 4362 ss.
296 4314 351 4363 rra.
497 4308 555 4379 (ι)
575 4309 605 4362 e.
617 4305 1125 4378 i.D0bitum,delaptbmoet4juseffect.
