2640 4860
367 405 424 465 DE
446 405 631 465 MUNERE
653 402 942 463 OONFESSARII.
1141 410 1201 466 236

111 591 186 646 quos
207 572 339 630 noverint
350 573 412 650 jam
425 572 460 630 ab
480 571 536 630 alio
555 571 721 638 solicitat0s‚
741 571 975 629 sacramentalem
996 569 1203 632 absolutionem

110 671 286 748 impertiant,
302 672 357 730 nisi
375 672 454 747 prius
468 671 714 729 denunciationem
729 669 891 746 praedictain
906 669 940 726 ad
954 668 1087 730 effectum
1103 670 1205 748 perdu-

111 781 222 839 centes,
237 769 451 844 delinquentem
472 770 661 829 indicaverint
680 770 855 846 competenti
864 767 967 846 judici,
984 769 1029 826 vel
1052 770 1153 830 saltem
1172 789 1205 830 se

112 869 316 946 cumprimum
330 879 473 947 poterunt,
487 869 630 927 delaturos
644 868 805 946 spondeant
818 867 1052 944 acpromittant.’'
1087 869 1207 930 Galum·

109 971 188 1028 niam
203 978 296 1027 autem
311 970 465 1046 impactam
479 968 673 1027 sacerdotibus
688 967 812 1027 innoxiis
827 968 926 1025 ulcisci
946 966 1044 1035 voluit,
1059 981 1203 1030 reservato

112 1069 168 1127 sibi
182 1069 302 1127 crimine
317 1087 415 1126 eorum
429 1068 478 1141 qui
491 1087 541 1126 eos
556 1068 753 1126 solicitationis
767 1067 839 1124 salso
853 1060 1058 1135 insimularent:
1073 1069 1119 1126 vel
1132 1071 1204 1130 alios

114 1168 149 1226 ad
164 1167 386 1226 insimulandum
402 1166 591 1242 impellerent.
613 1167 673 1224 Sub
687 1166 994 1224 excommunicationis
1005 1185 1088 1242 poena
1098 1166 1205 1227 denun-

115 1268 193 1326 tiatio
219 1266 292 1324 intra
318 1285 448 1325 mensem
471 1266 602 1325 facienda
627 1276 679 1334 est,
707 1267 807 1324 saltem
831 1266 880 1324 ubi
907 1266 984 1342 viget
1006 1265 1204 1339 Inquisitionis
1284 1249 1288 1259 ⁶

115 1359 264 1424 tribunal.¹

154 1469 225 1522 235.
248 1464 418 1524 Sacerdotes
433 1465 605 1538 quicumque
626 1464 823 1523 solicitationis
836 1465 878 1522 rei
891 1463 1005 1533 suerint,
1020 1464 1205 1525 denuntiandi

116 1575 191 1632 sunt,
206 1581 263 1622 non
278 1573 371 1621 autem
384 1563 460 1632 laici,
476 1564 521 1621 vel
535 1565 632 1622 clerici
652 1565 812 1631 inferiores,
828 1565 877 1636 qui
898 1563 992 1622 forsan
1012 1565 1208 1624 simulaverint

116 1664 316 1721 consessiones
343 1663 457 1721 audire:
480 1664 530 1736 qui
544 1673 638 1721 tamen
662 1662 820 1721 sacerdotio
846 1682 902 1721 non
921 1662 1077 1741 insignitus
1097 1665 1208 1723 confes·

119 1763 230 1821 sionem
254 1763 410 1839 exceperit,
439 1762 493 1819 alia
525 1763 723 1821 constitutione
758 1762 893 1839 Gregorii
925 1763 1011 1821 Xlll.
1045 1765 1208 1841 praecipitur

117 1861 338 1929 denuntiandus,
354 1871 498 1935 tamquam
524 1863 555 1920 in
574 1862 630 1920 lide
651 1874 812 1939 suspectus,
827 1861 904 1934 quod
924 1863 1141 1939 intelligendum
1162 1874 1206 1922 est

117 1963 231 2019 etiamsi
253 1963 461 2021 absolutionem
477 1962 613 2037 impertiri
627 1980 712 2018 ausus
734 1979 791 2019 non
806 1956 867 2019 sit.²
908 1961 941 2018 ln
961 1962 1032 2020 locis
1055 1963 1084 2019 in
1107 1963 1208 2036 quibus

117 2062 196 2138 viget
205 2061 368 2135 Inquisitio,
378 2060 712 2119 denuntiatursolicitans
726 2061 939 2134 inquisitoribus
951 2080 958 2129 3
971 2061 1037 2118 alibi
1052 2063 1206 2139 episcopis,

116 2179 169 2218 seu
183 2159 343 2219 ordinariis.
378 2161 518 2238 Episcopi
545 2159 742 2233 delinquentes
763 2159 949 2218 denuntiandi
972 2162 1066 2219 sorent
1086 2161 1208 2220 Summo

118 2260 271 2327 Pontifici3
286 2262 417 2333 quamvis
429 2260 615 2332 Inquisitores
626 2260 661 2318 de
680 2261 716 2318 iis
734 2279 837 2338 capere
852 2272 971 2337 possent
980 2261 1210 2321 informationem

117 2359 152 2416 ad
167 2359 339 2417 Pontificem
355 2350 626 2418 transmittendam.³

157 2462 228 2516 236.
251 2459 409 2518 Solicitatio
430 2459 534 2516 dicitur
551 2468 641 2524 actus,
656 2469 799 2535 gestusve,
814 2458 860 2516 vel
872 2460 994 2531 loquela,
1010 2461 1044 2518 ad
1058 2461 1209 2519 libidinem

118 2576 298 2635 provocans:
321 2557 386 2616 “ad
407 2558 556 2617 inhonesta
575 2568 604 2615 et
622 2558 723 2634 turpia,
738 2559 800 2615 sive
821 2558 924 2625 verbis,
944 2559 1004 2616 sive
1028 2561 1128 2636 siguis,
1150 2560 1210 2616 sive

119 2657 245 2726 nutibus,
259 2659 319 2715 sive
335 2667 419 2726 tactu,
434 2659 494 2715 sive
508 2676 559 2733 per
572 2657 752 2734 scripturam,
767 2665 834 2714 tunc
847 2666 895 2713 aut
909 2667 1008 2733 postea
1024 2655 1208 2734 legendam.”

119 2757 252 2814 Necesse
272 2776 329 2815 non
350 2767 436 2816 estut
450 2767 531 2834 turpe
545 2755 613 2829 quid
626 2754 684 2825 liat,
699 2755 749 2814 sed
763 2755 917 2814 admittitur
930 2768 1078 2832 peccatum
1098 2757 1210 2828 quoties

118 2855 256 2915 iudicium
271 2856 352 2914 datur
372 2867 480 2914 certum
500 2857 580 2933 pravi
594 2855 731 2913 affectus:
753 2856 883 2913 osculum
906 2855 1023 2922 idcirco,
1038 2874 1149 2924 manus,
1164 2856 1210 2913 vel

119 2955 204 3032 pedis
225 2956 413 3033 compressio,
427 2955 534 3014 brachii
548 2955 622 3013 circa
636 2954 739 3013 collum
754 2954 895 3022 extensio,
910 2974 968 3012 vox
988 2955 1082 3011 minus
1096 2953 1209 3031 pudica,

118 3055 164 3112 vel
175 3055 251 3113 oculi
265 3056 410 3113 studiosus
430 3065 534 3123 motus,
550 3063 596 3111 aut
610 3054 685 3112 aliud
707 3052 827 3127 quodvis
841 3055 945 3112 amoris
963 3055 1088 3129 signum,
1103 3052 1212 3111 inducit

120 3153 305 3213 denuntiandi
320 3155 517 3213 necessitatem
533 3162 553 3190 “
563 3155 629 3226 quia
643 3154 708 3212 licet
722 3154 790 3212 tales
806 3163 883 3211 actus
898 3155 955 3211 sint
967 3172 1004 3210 ex
1018 3172 1049 3211 se
1062 3153 1141 3211 leves
1153 3173 1161 3221 3
1173 3170 1211 3213 ex

121 3255 333 3312 circumstantia
347 3263 440 3312 tamen
454 3254 632 3321 sacramenti,
644 3272 708 3311 curn
720 3273 776 3327 qua
789 3263 855 3310 sunt
865 3254 1020 3330 conjuncti,
1035 3262 1100 3311 sunt
1112 3271 1212 3330 graves

120 3363 148 3410 et
160 3353 336 3411 mortales.”‘
373 3353 416 3410 lta
429 3353 514 3411 Felix
529 3346 654 3410 Potest⁴
686 3351 830 3411 Caeterum
851 3373 955 3430 pravus
976 3354 1086 3411 animus
1100 3354 1213 3412 conses-

121 3453 189 3510 sarii
203 3471 290 3525 quem
312 3454 453 3529 poenitens
467 3453 637 3529 suspicatur,
653 3471 709 3509 non
733 3462 777 3510 est
789 3453 861 3510 ratio
881 3452 1075 3522 denuntiandi,
1091 3455 1116 3511 si
1131 3473 1212 3521 voce,

121 3551 166 3609 vel
180 3566 263 3630 gestu
285 3571 343 3610 non
357 3551 437 3610 detur
450 3562 557 3611 eertum
572 3552 635 3628 ejus
658 3550 815 3611 indicium:
831 3572 897 3610 narn
912 3564 990 3611 actus
1011 3563 1145 3611 externus
1164 3553 1214 3626 qui

123 3652 249 3710 mortalis
264 3652 309 3720 sit,
322 3652 475 3725 requiritur
496 3649 530 3708 ad
544 3660 652 3708 tantum
667 3669 740 3709 onus
753 3651 958 3709 inducendum.
1001 3651 1033 3708 Si
1047 3653 1075 3708 in
1098 3653 1215 3709 interro·

122 3751 296 3828 gationibus,
319 3751 364 3808 vel
396 3751 475 3819 alias,
499 3749 568 3823 quid
597 3749 704 3807 dicatur
729 3751 852 3825 ambigui
886 3767 997 3815 sensus,
1020 3750 1214 3824 interpretatio

122 3850 247 3927 benigna
259 3859 303 3907 est
316 3850 418 3918 danda,
432 3850 589 3926 praesertim
603 3849 628 3905 si
642 3846 775 3906 sacerdos
789 3849 915 3920 alioquin
937 3848 1042 3922 probus
1066 3846 1213 3906 videatur:

124 3969 208 4008 secus
222 3951 247 4007 si
258 3968 351 4007 mores
365 3951 427 4027 ejus
436 3959 464 4007 et
476 3949 544 4007 ratio
553 3947 655 4025 agendi
666 3946 863 4004 vehementem
874 3947 913 4024 inj
918 3947 1002 4002 iciant
1010 3945 1212 4021 suspicionem.

162 4054 234 4108 237.
264 4049 298 4107 ln
323 4059 386 4107 actu
407 4047 617 4108 sacramentalis
641 4045 829 4104 confessionis
852 4045 1009 4103 solicitasse
1032 4043 1143 4112 dicitur,
1165 4047 1214 4119 qui

226 4287 268 4352 (1)
289 4285 315 4335 S.
327 4287 402 4350 Alph.
414 4288 429 4336 1.
441 4288 471 4337 vi.
483 4304 508 4338 n.
521 4290 578 4337 693.
767 4287 808 4352 (2)
828 4284 927 4344 lbidem,
938 4300 963 4332 n.
976 4285 1033 4334 688.

229 4374 273 4440 (3)
292 4370 392 4432 lbidem,
402 4388 428 4422 n.
440 4376 497 4422 685.
766 4373 807 4440 (4)
827 4371 899 4420 Tom.
911 4370 936 4420 ii.
947 4385 997 4436 par.
1008 4369 1042 4422 itt
1053 4384 1075 4422 c.
1084 4368 1119 4421 ir.
