2640 4860
249 347 306 408 DE
328 345 626 408 SUSCEPTIONE
648 346 964 408 EUOHARISTIAE.
1113 358 1151 412 87

56 532 117 573 non
132 513 217 571 debet
229 514 336 588 absque
349 513 532 573 consessione
545 513 697 582 celebrare,
719 525 751 572 ut
770 516 879 592 populo
892 514 940 574 det
952 517 1064 594 copiam
1078 517 1152 576 Mis·

58 632 101 669 see
114 611 263 671 andiendae
274 631 326 671 nec
343 615 420 672 enim
430 623 541 672 tenetur
550 632 613 672 eam
624 614 760 690 prebere,
780 616 846 673 licet
858 616 921 693 ipse
934 615 1033 674 eadem
1048 628 1149 686 careat,

55 713 175 770 nemine
189 711 314 769 adstante
328 713 377 785 qui
390 713 522 771 celebret.

100 814 151 870 47.
173 810 327 879 Sacerdos,
342 812 390 883 qui
400 812 552 869 celebravit
561 811 669 884 absque
680 811 872 880 consessione,
884 813 967 889 copia
976 813 1150 874 confessoris

59 909 223 975 deficiente,
243 919 339 968 “cum
353 911 476 986 primum
490 911 601 986 poterit,
624 910 707 968 debet
726 910 853 970 confiteri
864 906 910 968 :⁹⁹¹
930 930 984 969 nec
1004 913 1153 973 sufficitnt

60 1009 243 1067 occasionem
258 1019 448 1086 opportunam
462 1018 603 1085 expectet,
626 1028 692 1067 nam
706 1020 848 1088 praecepto
868 1010 1009 1068 Ecclesiae
1023 1022 1148 1072 tenetur:

60 1107 201 1164 damnatae
215 1110 324 1185 quippe
337 1118 404 1166 sunt
413 1109 623 1185 propositiones
637 1119 807 1180 sequentes:
823 1108 1022 1168 “Mandatum
1035 1114 1151 1171 concilii

61 1205 228 1264 Tridentini
242 1207 381 1266 sacerdoti
394 1207 565 1266 sacrificanti
578 1228 615 1267 ex
629 1207 796 1265 necessitate
817 1227 882 1266 cum
896 1217 1013 1285 peccato
1027 1212 1148 1279 mortali,

60 1304 218 1363 confitendi
242 1309 465 1382 quamprimum,
488 1316 532 1364 est
551 1307 713 1375 consilium,
738 1325 796 1365 non
819 1306 1024 1393 preceptum?
1068 1309 1151 1368 “illa

60 1405 210 1477 particula,
233 1404 484 1481 ‘quamprimum-‚⁹
509 1406 684 1483 intelligitur,
705 1424 771 1464 cuni
791 1407 924 1465 sacerdos
944 1425 996 1464 suo
1022 1418 1150 1484 ternpore

60 1500 290 1561 confitebitur.”²
329 1504 405 1563 Intra
418 1503 539 1562 triduum
551 1506 696 1583 plerisque
709 1505 820 1563 videtur
830 1507 975 1564 consessio
988 1505 1116 1564 iacienda
1125 1501 1149 1563 :³

59 1600 138 1671 quod
152 1603 177 1658 si
191 1603 229 1660 ob
243 1602 351 1661 itineris
365 1603 537 1669 distantiam,
552 1615 580 1662 et
599 1623 678 1662 sacra
697 1622 825 1674 munera,
846 1623 909 1679 quar
922 1604 1031 1663 differri
1044 1624 1149 1678 neque·

59 1714 121 1765 unt,
135 1719 170 1756 v:
185 1719 221 1776 g:
237 1702 471 1760 moribundorum
481 1703 630 1778 juvamen,
644 1714 766 1774 nequeat
779 1704 850 1772 fieri,
862 1712 971 1780 oportet
983 1723 1077 1763 moras
1091 1724 1150 1763 non

58 1809 183 1866 nectere,
198 1801 249 1857 sed
263 1802 384 1876 primam
403 1803 585 1860 occasionem
606 1803 738 1875 arripere.
780 1801 814 1859 Si
833 1801 931 1859 eadem
945 1802 991 1860 die
1005 1823 1062 1877 qua
1075 1805 1149 1862 cele-

60 1898 161 1965 bravit,
176 1899 214 1955 sit
227 1901 310 1975 copia
323 1899 518 1968 contessoris,
533 1911 633 1978 postea
645 1899 782 1967 defutura,
797 1900 880 1957 debet
891 1919 926 1957 ea
938 1902 989 1957 uti.

100 2000 150 2054 ts.
172 1998 206 2054 Si
219 1998 363 2066 sacerdos,
377 1999 426 2072 qui
441 1999 530 2067 adest,
545 2009 639 2059 careat
655 1999 864 2076 jurisdictione,
879 2001 924 2058 vel
946 2001 1014 2071 quia
1027 2019 1085 2058 non
1098 2000 1150 2057 suit

59 2097 233 2171 approbatus
254 2098 289 2156 ad
309 2098 506 2157 consessiones
527 2097 692 2164 audiendas,
713 2098 759 2156 vel
779 2099 845 2171 quia
864 2117 1021 2175 suspensus
1035 2110 1089 2167 est,
1104 2100 1151 2157 vel

59 2197 338 2265 excommunicatus,
353 2215 410 2255 non
431 2197 550 2255 habetur
569 2199 652 2274 copia
671 2197 847 2256 confessarii.
890 2198 923 2255 Si
945 2200 1018 2257 absit
1039 2200 1150 2258 conses-

57 2295 161 2363 sarius,
176 2295 229 2353 sed
239 2296 309 2354 adiri
322 2297 414 2373 possit
427 2297 532 2369 absque
544 2298 625 2374 gravi
637 2297 830 2365 incommodo,
845 2299 930 2374 copia
943 2300 1005 2376 ejus
1019 2308 1150 2358 censetur

58 2394 175 2452 haberi:
199 2393 250 2452 sed
270 2414 307 2453 ex
333 2395 473 2473 adjunctis
499 2415 593 2455 rerum
617 2406 645 2453 et
667 2415 852 2473 personarum
875 2397 1086 2474 dijudicandum
1107 2409 1151 2456 est

60 2491 244 2565 quandonam
259 2513 344 2572 grave
356 2494 430 2553 soret
443 2495 665 2554 incommodum.

99 2596 150 2650 49.
173 2593 231 2660 Qui
244 2602 391 2670 peccatum
402 2605 576 2653 reservatum
588 2593 709 2660 admisit,
721 2593 790 2665 quin
798 2594 866 2651 alias
876 2594 1035 2668 peccaverit
1043 2593 1150 2651 lethali·

60 2705 111 2758 ter,
125 2711 184 2750 non
205 2692 292 2751 habet
316 2694 428 2769 copiam
454 2693 628 2760 confessarii,
652 2693 676 2750 si
697 2710 754 2749 non
774 2691 847 2749 adsit
869 2691 918 2763 qui
938 2691 1030 2766 possit
1052 2691 1149 2748 tollere

60 2794 300 2850 reservationem:
316 2792 430 2865 quodsi
444 2791 540 2851 credat
558 2811 590 2849 se
606 2791 776 2849 attritionem
798 2799 904 2847 tantum
926 2789 1039 2857 habere,
1054 2789 1149 2864 plures

61 2901 177 2948 censent
190 2910 258 2949 eum
280 2891 383 2950 debere
397 2890 531 2950 accedere
540 2892 580 2963 rad
600 2889 787 2957 sacerdotem,
801 2898 832 2946 ut
844 2898 959 2964 peccata
972 2888 1094 2945 venialia
1106 2889 1152 2945 vel

63 2991 203 3064 preterita
218 2992 346 3050 mortalia
367 2990 517 3059 confitens,
538 2991 656 3068 gratiam
672 2988 856 3046 absolutionis
878 2995 1062 3060 assequatur3
1086 3005 1151 3062 pec·

64 3101 123 3145 cato
143 3101 287 3148 reservato
309 3089 445 3147 indirecte
458 3091 588 3158 remisso,
611 3090 651 3147 uti
677 3089 838 3163 opinantur.
880 3085 914 3143 Si
940 3087 1003 3144 aliis
1026 3087 1151 3162 peccatis

65 3186 214 3247 lethalibus
227 3207 260 3246 se
273 3189 383 3247 noverit
395 3190 543 3257 irretitum,
557 3207 628 3250 eum
644 3189 732 3244 teneri
746 3187 864 3244 omnino
885 3184 919 3243 ad
939 3185 1152 3244 confessionem

67 3289 206 3345 sententia
218 3288 393 3363 probabilior
405 3298 433 3344 et
445 3286 691 3354 communissima,
706 3295 777 3344 teste
791 3295 820 3342 et
828 3284 927 3363 judice
942 3286 974 3342 S.
988 3285 1150 3361 Alphonso‚

69 3383 194 3455 affirmat,
211 3387 278 3458 quia
291 3395 434 3463 praecepto
455 3386 552 3445 divino
566 3384 720 3444 confitendi
733 3395 797 3443 ante
811 3385 1044 3444 communionem
1059 3385 1151 3451 debet,

70 3485 159 3552 quoad
174 3486 278 3560 possit,
293 3484 465 3542 satisfacere.
501 3487 604 3544 Utrum
619 3494 746 3542 teneatur
758 3485 853 3560 ipsum
867 3494 1015 3560 peccatum
1029 3503 1154 3541 reserva·

69 3592 122 3640 turn
149 3594 217 3641 tunc
244 3584 372 3641 confiteri
400 3583 582 3660 disceptatur,
603 3583 717 3659 paribus
742 3583 873 3654 utrinque
899 3583 1073 3641 rationibus:
1101 3580 1154 3638 sed

70 3678 185 3738 dubitari
199 3683 249 3739 vix
262 3683 365 3758 poterit
377 3701 444 3740 eum
455 3682 553 3749 teneri,
569 3681 806 3754 quandocumque
820 3680 1024 3739 consuetudine
1038 3687 1154 3754 peccata

70 3790 209 3836 reservata
222 3779 388 3839 admittendi
402 3781 533 3848 irretitur,
548 3781 595 3838 vel
615 3780 683 3838 alias
704 3779 819 3852 quando
832 3779 946 3837 nonnisi
965 3788 1083 3851 peccato
1103 3774 1153 3831 illo

71 3877 287 3946 manifestando,
301 3880 382 3937 nosci
395 3879 489 3956 possit
501 3888 595 3937 utrum
614 3880 653 3937 sit
671 3877 790 3937 idoneus
810 3875 990 3934 absolutioni.
1033 3873 1066 3930 Si
1087 3873 1153 3945 quis

70 3972 169 4051 ligetur
182 3979 478 4037 excommunicatione
491 3988 641 4047 reservata,
656 3996 719 4052 quae
741 3986 835 4033 tamen
849 3973 961 4050 publice
978 3970 1054 4029 haud
1073 3972 1154 4030 inno·

103 4142 144 4204 (l)
164 4139 264 4190 Missale
276 4140 425 4193 Romanum.

104 4224 146 4287 (2)
162 4224 266 4274 xxxviii.
277 4231 302 4274 et
312 4227 398 4276 mix.
409 4227 472 4276 inter
482 4226 657 4292 propositiones
667 4226 697 4275 ab
708 4220 848 4274 Alexandro
859 4220 917 4271 VII.
927 4219 1078 4273 dampnatas.

108 4309 150 4372 (3)
169 4307 196 4355 S.
207 4307 282 4374 Alph.
293 4310 310 4360 l.
319 4311 350 4361 vi.
362 4327 388 4362 n.
399 4313 456 4362 266.
947 4333 952 4341 ·
