2640 4860
294 381 353 443 DE
373 378 701 441 JURISDICTIONE
722 378 1012 443 CONFESSARII.
1141 388 1198 444 195

474 677 571 754 §.111.
613 678 661 738 Dn
682 697 841 739 cournrcn.

151 850 220 906 14³.
235 845 340 906 Omnis
345 847 509 924 jurisdictio
518 848 548 906 in
557 849 685 906 criminis
700 849 788 925 turpis
802 849 913 907 socium
924 849 1104 910 aBanedicto
1114 850 1198 911 XlV.

109 946 221 1004 sublata
234 955 294 1003 est:
317 945 434 1005 vetitum
444 956 487 1004 est
496 947 571 1005 eninr
585 965 621 1004 ne
636 955 655 984 ¹⁴
664 957 744 1006 extra
753 966 851 1006 casum
864 956 998 1007 extremae
1012 952 1200 1019 necessitatis,

111 1045 248 1104 nimirum
261 1046 292 1103 in
304 1045 395 1122 ipsius
409 1045 508 1105 mortis
521 1046 649 1115 articulo,
664 1055 692 1105 et
704 1046 853 1107 deficiente
867 1056 933 1106 tunc
952 1067 1131 1122 quocumque
1144 1050 1201 1109 alio

111 1142 268 1212 sacerdote,
277 1145 326 1217 qui
336 1145 500 1204 confessarii
511 1164 614 1203 munus
624 1147 703 1205 obire
714 1147 813 1223 possit,
823 1145 1033 1206 confessionem
1041 1166 1201 1208 sacramen·

110 1242 197 1303 talem
215 1262 345 1321 personas
367 1244 516 1320 complicis
538 1246 566 1302 in
584 1255 701 1322 peccato
718 1246 791 1322 turpi
811 1256 896 1319 atque
918 1247 1081 1314 inhonesto,
1105 1257 1203 1306 contra

111 1350 229 1403 uxum
238 1341 367 1420 decalogi
374 1353 546 1420 preceptum
556 1346 722 1412 commisso,
731 1346 864 1422 excipere
877 1345 987 1415 audeat,
1002 1346 1111 1405 sublata
1118 1365 1203 1424 prop·

113 1442 190 1501 brea
198 1440 251 1509 illi,
265 1441 329 1518 ipso
339 1443 415 1519 jure,
425 1462 603 1516 quacumque
614 1445 785 1510 anctoritate,
796 1454 825 1501 et
832 1445 1032 1521 jurisdictione
1042 1444 1077 1503 ad
1089 1445 1202 1518 qualem

111 1526 237 1615 cumque
251 1559 402 1616 personam
416 1544 450 1600 ab
463 1542 629 1620 hujusmodi
638 1538 978 1619 culpaabsolvendam.”¹
1018 1544 1051 1602 Si
1061 1545 1201 1621 poenitens

113 1640 144 1698 in
158 1639 256 1697 mortis
270 1641 388 1698 articulo
410 1651 532 1715 nequeat
551 1643 638 1701 alium
661 1642 774 1718 eligere,
798 1645 890 1701 “sinc
910 1643 1038 1720 periculo
1059 1661 1091 1701 se
1108 1646 1204 1721 ipsum

115 1736 282 1806 infamandi,
291 1739 412 1812 aliisque
426 1740 530 1799 malam
544 1743 587 1799 sui
602 1742 795 1817 suspicionem
806 1741 986 1818 ingerendi,’'
1002 1743 1054 1800 “iu
1067 1761 1204 1802 eoremm

114 1844 197 1904 statu,
211 1855 269 1895 non
283 1837 426 1915 prohiberi
439 1840 616 1899 sacerdotem
639 1859 699 1898 suae
720 1840 904 1916 impudicitia
924 1842 1097 1918 complicem
1110 1842 1203 1902 absol-

114 1934 203 1994 verc”
218 1935 354 2014 deinceps
374 1937 527 1996 declaravit
548 1934 710 1997 Pontifex.²

159 2037 228 2094 144.
249 2035 555 2096 Excommunicatione
576 2038 664 2114 Papa
689 2047 830 2095 reservata
855 2039 979 2097 irretitur
1004 2040 1053 2113 qni
1086 2040 1208 2099 absolvit

115 2135 286 2211 complicem
312 2138 402 2212 turpis
428 2138 546 2213 peccati,
569 2146 648 2196 extra
674 2137 773 2196 mortis
799 2135 971 2208 discrimem
992 2139 1022 2197 in
1042 2158 1099 2212 qno
1119 2140 1204 2198 etiam

118 2232 238 2293 eandem
259 2253 410 2294 censuram
434 2237 583 2304 contrahit,
597 2237 653 2295 nisi
674 2236 751 2310 qnod
765 2237 795 2294 in
808 2256 840 2295 se
855 2245 899 2295 est
916 2237 1014 2296 fecerit
1029 2237 1066 2297 ed
1078 2247 1206 2297 averten-

117 2330 185 2390 dum
200 2335 326 2409 pericula
336 2336 463 2393 scandali
475 2345 503 2393 et
516 2336 650 2404 infamiae,
664 2347 696 2393 ut
709 2336 780 2393 alius
793 2336 925 2394 sacerdos
946 2347 1114 2396 arcessatur.
1148 2337 1207 2404 Qui

117 2430 287 2508 complicem
307 2434 490 2492 confitentem
504 2434 591 2501 audit,
606 2437 676 2508 quin
689 2434 823 2502 absolvat,
837 2454 896 2493 non
916 2435 1027 2494 videtur
1043 2454 1206 2495 excommu-

116 2530 292 2589 nicationem
306 2532 482 2590 contrahere.
524 2534 569 2590 Ab
582 2533 636 2590 hac
649 2551 734 2608 poena
752 2550 817 2588 cum
838 2532 949 2589 absolvi
969 2552 1057 2608 posse
1079 2534 1113 2590 ab
1132 2535 1207 2609 epis·

116 2647 202 2705 copo,
217 2630 267 2687 ubi
286 2638 399 2707 recepta
418 2640 463 2688 cst
488 2630 640 2708 disciplina
666 2628 845 2696 Tridentina,
860 2638 958 2687 censet
972 2630 1005 2687 8.
1027 2629 1206 2717 hlphonsus,

116 2726 256 2802 quamdiu
270 2729 409 2787 absolutio
423 2731 529 2805 abipso
542 2730 676 2807 complici
690 2727 754 2785 data
762 2727 873 2785 occulta
886 2734 939 2795 est,
952 2746 1039 2799 quum
1054 2728 1208 2786 concilium

118 2826 279 2886 facultatem
300 2828 445 2904 episcopis
472 2829 571 2886 fecerit
595 2825 759 2885 absolvendi
785 2827 815 2882 in
842 2826 955 2883 casibus
981 2825 1099 2883 occultis
1122 2828 1208 2885 etiam

119 2925 189 2985 Sedi
202 2927 226 2984 Α
231 2928 377 3002 postolioae
392 2919 570 2985 reservatis.³
605 2926 664 2985 Sed
677 2925 809 2983 facultate
822 2923 988 3000 hujusmodi
1000 2943 1059 2982 non
1079 2925 1208 2984 fruuntur

120 3026 171 3102 qui
185 3027 215 3083 in
228 3025 301 3083 locis
312 3034 468 3095 versantur,
480 3028 509 3084 in
521 3027 622 3099 quibus
636 3025 751 3083 concilii
761 3023 872 3081 decreta
882 3043 940 3082 non
949 3032 1076 3082 suntusn
1086 3034 1209 3101 recepta,

122 3143 212 3198 quum
226 3143 339 3197 aequum
359 3144 418 3185 non
438 3126 476 3182 sit
495 3135 527 3182 ut
553 3125 694 3204 gaudeant
713 3122 884 3191 commodis,
898 3125 947 3197 qui
969 3122 1070 3183 nolunt
1091 3125 1210 3183 subesse

120 3224 211 3282 oneri.
254 3223 381 3300 Speciali
394 3235 488 3282 tamen
502 3224 620 3292 indulto,
634 3224 778 3301 episcopis
792 3223 1000 3298 provinciarum
1010 3222 1209 3296 foederatarum

121 3321 286 3382 conceditur
300 3324 334 3381 ab
343 3325 475 3382 omnibus
490 3325 603 3382 casibus
614 3324 683 3382 Sedi
692 3321 869 3400 Apostolicae
881 3323 1030 3380 reservatis
1045 3324 1211 3384 absolvere:

122 3441 209 3496 quarn
223 3421 384 3482 facultatem
399 3423 491 3481 solent
504 3424 692 3481 missionariis
705 3424 927 3492 communicare,
942 3442 976 3481 ea
989 3431 1082 3482 tamen
1103 3425 1213 3503 adjecta

123 3521 312 3598 exceptione:
336 3531 511 3595 “nunquam
533 3533 628 3580 tamen
653 3521 819 3581 absolvendi
844 3522 1015 3599 complicem
1041 3525 1070 3582 in
1096 3532 1213 3602 peccato

123 3622 199 3697 turpi
212 3630 241 3678 et
254 3621 407 3680 inhonesto
421 3632 519 3680 contra
538 3632 651 3681 sextum
666 3621 870 3699 praeceptum.’'
906 3622 939 3678 Si
952 3623 1101 3698 contigerit
1120 3640 1212 3681 sacer-

123 3719 221 3778 dotem
235 3720 291 3778 hoc
311 3721 425 3780 vinculo
444 3721 525 3798 ligari
544 3723 580 3780 ob
604 3722 808 3781 absolutionem
829 3718 922 3777 datam
945 3719 1088 3795 complici,
1103 3719 1214 3777 videtur

124 3837 211 3896 posse
225 3819 362 3880 absolvis
380 3820 565 3889 confessario,
579 3822 626 3879 cui
639 3818 803 3897 hujusmodi
818 3817 935 3876 facultas
946 3818 984 3875 ita
996 3826 1041 3875 est
1053 3818 1213 3876 communi·

125 3927 204 3976 cata:
220 3917 272 3976 sed
284 3919 363 3978 nulla
377 3937 492 3996 prorsus
506 3930 550 3977 est
562 3920 702 3978 absolutio
714 3915 847 3994 complici
864 3934 1011 3974 concessa.

167 4021 235 4076 145.
258 4017 374 4077 Peccati
386 4019 476 4095 turpis
489 4028 518 4077 et
537 4019 680 4078 inhonesti
698 4019 824 4083 nomine,
836 4015 913 4073 venit
931 4014 995 4090 ipso
1015 4015 1047 4072 8.
1062 4013 1214 4093 Alphonso

165 4219 209 4286 (l)
230 4218 316 4271 Const.
327 4235 370 4270 xx.
381 4220 540 4270 inibullarii
548 4230 622 4281 tomo,
636 4224 646 4270 l
660 4219 730 4270 Junii
743 4221 816 4269 1741.
1274 4235 1295 4281 χ·

166 4307 209 4373 (2)
229 4304 636 4358 Gomtcxx.ibid.srcb.1rto.
807 4305 850 4370 (³)
870 4301 936 4352 Sese.
947 4301 1015 4355 xxiv.
1026 4317 1080 4368 erp.
1092 4299 1185 4352 Liceat.
1268 4323 1271 4327 ·
