<?xml version="1.0" encoding="UTF-8"?>
<!DOCTYPE html PUBLIC "-//W3C//DTD XHTML 1.0 Transitional//EN"
    "http://www.w3.org/TR/xhtml1/DTD/xhtml1-transitional.dtd">
<html xmlns="http://www.w3.org/1999/xhtml" xml:lang="en" lang="en">
 <head>
  <title>
</title>
<meta http-equiv="Content-Type" content="text/html;charset=utf-8" />
  <meta name='ocr-system' content='tesseract 3.04.00' />
  <meta name='ocr-capabilities' content='ocr_page ocr_carea ocr_par ocr_line ocrx_word'/>
</head>
<body>
  <div class='ocr_page' id='page_1' title='image "./theologiaemoral01kenrgoog_0168.png"; bbox 0 0 2640 4860; ppageno 0'>
   <div class='ocr_carea' id='block_1_1' title="bbox 468 118 856 182">
    <p class='ocr_par' dir='ltr' id='par_1_1' title="bbox 468 118 856 182">
     <span class='ocr_line' id='line_1_1' title="bbox 468 118 856 182; baseline 0.01 -4"><span class='ocrx_word' id='word_1_1' title='bbox 468 119 526 179; x_wconf 82' lang='lat' dir='ltr'>DE</span> <span class='ocrx_word' id='word_1_2' title='bbox 548 118 856 182; x_wconf 79' lang='lat' dir='ltr'><strong>CONFESSIONE.</strong></span> 
     </span>
    </p>
   </div>
   <div class='ocr_carea' id='block_1_2' title="bbox 525 607 765 705">
    <p class='ocr_par' dir='ltr' id='par_1_2' title="bbox 525 607 765 705">
     <span class='ocr_line' id='line_1_2' title="bbox 525 607 765 705; baseline 0.017 -4"><span class='ocrx_word' id='word_1_3' title='bbox 525 607 527 617; x_wconf 78' lang='grc'><strong>’</strong></span> <span class='ocrx_word' id='word_1_4' title='bbox 549 643 691 705; x_wconf 73' lang='lat' dir='ltr'>curun</span> <span class='ocrx_word' id='word_1_5' title='bbox 711 645 765 705; x_wconf 88' lang='lat' dir='ltr'>1v.</span> 
     </span>
    </p>
   </div>
   <div class='ocr_carea' id='block_1_3' title="bbox 522 859 798 903">
    <p class='ocr_par' dir='ltr' id='par_1_3' title="bbox 522 859 798 903">
     <span class='ocr_line' id='line_1_3' title="bbox 522 859 798 903; baseline 0.011 -3"><span class='ocrx_word' id='word_1_6' title='bbox 522 859 561 900; x_wconf 75' lang='grc' dir='ltr'>ΒΕ</span> <span class='ocrx_word' id='word_1_7' title='bbox 587 861 798 903; x_wconf 67' lang='lat' dir='ltr'>commemini.</span> 
     </span>
    </p>
   </div>
   <div class='ocr_carea' id='block_1_4' title="bbox 382 1018 933 1094">
    <p class='ocr_par' dir='ltr' id='par_1_4' title="bbox 382 1018 933 1094">
     <span class='ocr_line' id='line_1_4' title="bbox 382 1018 933 1094; baseline 0.004 -16"><span class='ocrx_word' id='word_1_8' title='bbox 382 1019 408 1094; x_wconf 92' lang='lat'>§.</span> <span class='ocrx_word' id='word_1_9' title='bbox 423 1018 447 1079; x_wconf 89' lang='grc' dir='ltr'>Ι.</span> <span class='ocrx_word' id='word_1_10' title='bbox 489 1019 538 1078; x_wconf 87' lang='lat' dir='ltr'>Dn</span> <span class='ocrx_word' id='word_1_11' title='bbox 560 1019 779 1082; x_wconf 81' lang='lat' dir='ltr'>Oournssrours</span> <span class='ocrx_word' id='word_1_12' title='bbox 799 1039 933 1081; x_wconf 72' lang='lat' dir='ltr'>manuus.</span> 
     </span>
    </p>
   </div>
   <div class='ocr_carea' id='block_1_5' title="bbox 109 1169 1205 1449">
    <p class='ocr_par' dir='ltr' id='par_1_5' title="bbox 109 1169 1205 1449">
     <span class='ocr_line' id='line_1_5' title="bbox 155 1169 1205 1254; baseline 0.009 -23"><span class='ocrx_word' id='word_1_13' title='bbox 155 1176 203 1231; x_wconf 79' lang='lat'>32.</span> <span class='ocrx_word' id='word_1_14' title='bbox 225 1169 392 1240; x_wconf 80' lang='lat' dir='ltr'>Confessio,</span> <span class='ocrx_word' id='word_1_15' title='bbox 414 1190 477 1246; x_wconf 83' lang='lat' dir='ltr'>quae</span> <span class='ocrx_word' id='word_1_16' title='bbox 503 1172 539 1231; x_wconf 93' lang='lat' dir='ltr'>ad</span> <span class='ocrx_word' id='word_1_17' title='bbox 564 1185 773 1235; x_wconf 85' lang='lat' dir='ltr'>sacramentum</span> <span class='ocrx_word' id='word_1_18' title='bbox 798 1175 977 1247; x_wconf 82' lang='lat' dir='ltr'>Poenitentiae</span> <span class='ocrx_word' id='word_1_19' title='bbox 1002 1178 1133 1254; x_wconf 79' lang='lat' dir='ltr'>pertinet,</span> <span class='ocrx_word' id='word_1_20' title='bbox 1160 1191 1205 1241; x_wconf 86' lang='lat' dir='ltr'>est</span> 
     </span>
     <span class='ocr_line' id='line_1_6' title="bbox 109 1273 1202 1352; baseline 0.009 -24"><span class='ocrx_word' id='word_1_21' title='bbox 109 1288 233 1331; x_wconf 78' lang='lat' dir='ltr'>suorum</span> <span class='ocrx_word' id='word_1_22' title='bbox 245 1279 426 1349; x_wconf 83' lang='lat' dir='ltr'>peecatorum</span> <span class='ocrx_word' id='word_1_23' title='bbox 440 1273 581 1331; x_wconf 79' lang='lat' dir='ltr'><strong>accusatio</strong></span> <span class='ocrx_word' id='word_1_24' title='bbox 594 1274 667 1332; x_wconf 89' lang='lat' dir='ltr'>facta</span> <span class='ocrx_word' id='word_1_25' title='bbox 677 1274 825 1343; x_wconf 88' lang='lat' dir='ltr'>sacerdoti,</span> <span class='ocrx_word' id='word_1_26' title='bbox 833 1274 1064 1352; x_wconf 87' lang='lat' dir='ltr'>jurisdictionem</span> <span class='ocrx_word' id='word_1_27' title='bbox 1075 1278 1202 1350; x_wconf 84' lang='lat' dir='ltr'>habenti,</span> 
     </span>
     <span class='ocr_line' id='line_1_7' title="bbox 110 1369 1204 1449; baseline 0.007 -20"><span class='ocrx_word' id='word_1_28' title='bbox 110 1370 152 1430; x_wconf 81' lang='lat' dir='ltr'>ad</span> <span class='ocrx_word' id='word_1_29' title='bbox 164 1369 345 1430; x_wconf 86' lang='lat' dir='ltr'>obtinendam</span> <span class='ocrx_word' id='word_1_30' title='bbox 359 1389 458 1429; x_wconf 90' lang='lat' dir='ltr'>eorum</span> <span class='ocrx_word' id='word_1_31' title='bbox 472 1373 596 1441; x_wconf 91' lang='lat' dir='ltr'>veniam,</span> <span class='ocrx_word' id='word_1_32' title='bbox 610 1373 644 1430; x_wconf 91' lang='lat' dir='ltr'>vi·</span> <span class='ocrx_word' id='word_1_33' title='bbox 652 1375 798 1449; x_wconf 85' lang='lat' dir='ltr'>potestatis</span> <span class='ocrx_word' id='word_1_34' title='bbox 809 1375 930 1433; x_wconf 85' lang='lat' dir='ltr'>clavium</span> <span class='ocrx_word' id='word_1_35' title='bbox 944 1373 1089 1435; x_wconf 82' lang='lat' dir='ltr'>aOhristo</span> <span class='ocrx_word' id='word_1_36' title='bbox 1102 1377 1204 1437; x_wconf 86' lang='lat' dir='ltr'>Eccle-</span> 
     </span>
    </p>
   </div>
   <div class='ocr_carea' id='block_1_6' title="bbox 109 1469 1203 1629">
    <p class='ocr_par' dir='ltr' id='par_1_6' title="bbox 109 1469 1203 1629">
     <span class='ocr_line' id='line_1_8' title="bbox 109 1469 1203 1549; baseline 0.009 -22"><span class='ocrx_word' id='word_1_37' title='bbox 109 1470 166 1537; x_wconf 69' lang='lat' dir='ltr'>siae</span> <span class='ocrx_word' id='word_1_38' title='bbox 189 1487 343 1528; x_wconf 81' lang='lat' dir='ltr'>concessae.</span> <span class='ocrx_word' id='word_1_39' title='bbox 395 1469 549 1529; x_wconf 82' lang='lat' dir='ltr'>Sexdeoim</span> <span class='ocrx_word' id='word_1_40' title='bbox 570 1472 632 1549; x_wconf 88' lang='lat' dir='ltr'>ejus</span> <span class='ocrx_word' id='word_1_41' title='bbox 655 1471 950 1542; x_wconf 84' lang='lat' dir='ltr'>dotesrecenseutur,</span> <span class='ocrx_word' id='word_1_42' title='bbox 973 1492 1036 1547; x_wconf 85' lang='lat' dir='ltr'>quae</span> <span class='ocrx_word' id='word_1_43' title='bbox 1058 1478 1203 1537; x_wconf 75' lang='lat' dir='ltr'>memorie</span> 
     </span>
     <span class='ocr_line' id='line_1_9' title="bbox 109 1568 469 1629; baseline -0.008 0"><span class='ocrx_word' id='word_1_44' title='bbox 109 1570 261 1629; x_wconf 65' lang='lat' dir='ltr'>mesic</span> <span class='ocrx_word' id='word_1_45' title='bbox 271 1568 469 1627; x_wconf 88' lang='lat' dir='ltr'>enuntiantur:</span> 
     </span>
    </p>
   </div>
   <div class='ocr_carea' id='block_1_7' title="bbox 222 1767 1072 2145">
    <p class='ocr_par' dir='ltr' id='par_1_7' title="bbox 233 1767 953 1846">
     <span class='ocr_line' id='line_1_10' title="bbox 233 1767 953 1846; baseline 0.003 -22"><span class='ocrx_word' id='word_1_46' title='bbox 233 1767 279 1824; x_wconf 82' lang='lat' dir='ltr'>Sit</span> <span class='ocrx_word' id='word_1_47' title='bbox 298 1767 435 1844; x_wconf 76' lang='lat' dir='ltr'>simplex,</span> <span class='ocrx_word' id='word_1_48' title='bbox 448 1767 566 1827; x_wconf 90' lang='lat' dir='ltr'>humilis</span> <span class='ocrx_word' id='word_1_49' title='bbox 580 1768 735 1836; x_wconf 83' lang='lat' dir='ltr'>confessio,</span> <span class='ocrx_word' id='word_1_50' title='bbox 748 1787 831 1846; x_wconf 90' lang='lat' dir='ltr'>pura,</span> <span class='ocrx_word' id='word_1_51' title='bbox 849 1768 953 1837; x_wconf 90' lang='lat' dir='ltr'>fidelis,</span> 
     </span>
    </p>

    <p class='ocr_par' dir='ltr' id='par_1_8' title="bbox 222 1867 1072 2043">
     <span class='ocr_line' id='line_1_11' title="bbox 233 1867 1072 1940; baseline 0.004 -15"><span class='ocrx_word' id='word_1_52' title='bbox 233 1867 329 1940; x_wconf 83' lang='lat' dir='ltr'>Atque</span> <span class='ocrx_word' id='word_1_53' title='bbox 342 1867 487 1939; x_wconf 84' lang='lat' dir='ltr'>frequens,</span> <span class='ocrx_word' id='word_1_54' title='bbox 501 1867 576 1925; x_wconf 89' lang='lat' dir='ltr'>nuda</span> <span class='ocrx_word' id='word_1_55' title='bbox 589 1878 618 1924; x_wconf 87' lang='lat' dir='ltr'>ct</span> <span class='ocrx_word' id='word_1_56' title='bbox 629 1867 760 1937; x_wconf 84' lang='lat' dir='ltr'>discreta,</span> <span class='ocrx_word' id='word_1_57' title='bbox 773 1868 887 1937; x_wconf 87' lang='lat' dir='ltr'>lubens,</span> <span class='ocrx_word' id='word_1_58' title='bbox 901 1868 1072 1939; x_wconf 88' lang='lat' dir='ltr'>verecunda,</span> 
     </span>
     <span class='ocr_line' id='line_1_12' title="bbox 222 1965 926 2043; baseline 0.004 -19"><span class='ocrx_word' id='word_1_59' title='bbox 222 1965 356 2043; x_wconf 66' lang='lat' dir='ltr'>Integra,</span> <span class='ocrx_word' id='word_1_60' title='bbox 371 1975 488 2033; x_wconf 87' lang='lat' dir='ltr'>secreta,</span> <span class='ocrx_word' id='word_1_61' title='bbox 503 1976 530 2023; x_wconf 93' lang='lat' dir='ltr'>et</span> <span class='ocrx_word' id='word_1_62' title='bbox 543 1967 747 2042; x_wconf 85' lang='lat' dir='ltr'>lacrymabilis,</span> <span class='ocrx_word' id='word_1_63' title='bbox 762 1969 926 2037; x_wconf 88' lang='lat' dir='ltr'>accelerata,</span> 
     </span>
    </p>

    <p class='ocr_par' dir='ltr' id='par_1_9' title="bbox 234 2064 875 2145">
     <span class='ocr_line' id='line_1_13' title="bbox 234 2064 875 2145; baseline 0.006 -22"><span class='ocrx_word' id='word_1_64' title='bbox 234 2065 339 2133; x_wconf 88' lang='lat' dir='ltr'>Fortis,</span> <span class='ocrx_word' id='word_1_65' title='bbox 353 2074 381 2123; x_wconf 89' lang='lat' dir='ltr'>et</span> <span class='ocrx_word' id='word_1_66' title='bbox 391 2085 539 2134; x_wconf 88' lang='lat' dir='ltr'>accusans,</span> <span class='ocrx_word' id='word_1_67' title='bbox 550 2076 579 2123; x_wconf 89' lang='lat' dir='ltr'>et</span> <span class='ocrx_word' id='word_1_68' title='bbox 591 2067 629 2124; x_wconf 86' lang='lat' dir='ltr'>sit</span> <span class='ocrx_word' id='word_1_69' title='bbox 641 2085 740 2143; x_wconf 90' lang='lat' dir='ltr'>parere</span> <span class='ocrx_word' id='word_1_70' title='bbox 754 2064 875 2145; x_wconf 86' lang='lat' dir='ltr'>parata.¹</span> 
     </span>
    </p>
   </div>
   <div class='ocr_carea' id='block_1_8' title="bbox 119 2254 1202 2345">
    <p class='ocr_par' dir='ltr' id='par_1_10' title="bbox 119 2254 1202 2345">
     <span class='ocr_line' id='line_1_14' title="bbox 119 2254 1202 2345; baseline 0.003 -22"><span class='ocrx_word' id='word_1_71' title='bbox 119 2304 123 2311; x_wconf 89' lang='lat'><em>-</em></span> <span class='ocrx_word' id='word_1_72' title='bbox 154 2265 208 2333; x_wconf 65' lang='lat' dir='ltr'>to,</span> <span class='ocrx_word' id='word_1_73' title='bbox 225 2263 315 2345; x_wconf 80' lang='lat' dir='ltr'>Igitur</span> <span class='ocrx_word' id='word_1_74' title='bbox 333 2273 443 2341; x_wconf 88' lang='lat' dir='ltr'>oportet</span> <span class='ocrx_word' id='word_1_75' title='bbox 468 2274 499 2324; x_wconf 92' lang='lat' dir='ltr'>ut</span> <span class='ocrx_word' id='word_1_76' title='bbox 518 2275 633 2342; x_wconf 87' lang='lat' dir='ltr'>peccata</span> <span class='ocrx_word' id='word_1_77' title='bbox 652 2254 833 2343; x_wconf 73' lang='lat' dir='ltr'>oipouantur</span> <span class='ocrx_word' id='word_1_78' title='bbox 851 2265 945 2324; x_wconf 85' lang='lat' dir='ltr'>verbis</span> <span class='ocrx_word' id='word_1_79' title='bbox 968 2266 1202 2344; x_wconf 80' lang='lat' dir='ltr'>simplicioribus,</span> 
     </span>
    </p>
   </div>
   <div class='ocr_carea' id='block_1_9' title="bbox 68 2360 1296 3930">
    <p class='ocr_par' dir='ltr' id='par_1_11' title="bbox 68 2360 1203 2438">
     <span class='ocr_line' id='line_1_15' title="bbox 68 2360 1203 2438; baseline 0.001 -15"><span class='ocrx_word' id='word_1_80' title='bbox 68 2362 75 2369; x_wconf 83' lang='grc'><strong>”</strong></span> <span class='ocrx_word' id='word_1_81' title='bbox 119 2360 273 2423; x_wconf 76' lang='lat' dir='ltr'>omniiuco</span> <span class='ocrx_word' id='word_1_82' title='bbox 286 2365 455 2434; x_wconf 86' lang='lat' dir='ltr'>carentibus,</span> <span class='ocrx_word' id='word_1_83' title='bbox 470 2374 498 2422; x_wconf 91' lang='lat' dir='ltr'>et</span> <span class='ocrx_word' id='word_1_84' title='bbox 516 2365 619 2423; x_wconf 94' lang='lat' dir='ltr'>humili</span> <span class='ocrx_word' id='word_1_85' title='bbox 640 2364 757 2438; x_wconf 92' lang='lat' dir='ltr'>quidem</span> <span class='ocrx_word' id='word_1_86' title='bbox 778 2366 886 2424; x_wconf 87' lang='lat' dir='ltr'>animo.</span> <span class='ocrx_word' id='word_1_87' title='bbox 927 2361 1016 2422; x_wconf 85' lang='lat' dir='ltr'>Puro</span> <span class='ocrx_word' id='word_1_88' title='bbox 1035 2364 1120 2423; x_wconf 88' lang='lat' dir='ltr'>debet</span> <span class='ocrx_word' id='word_1_89' title='bbox 1140 2383 1203 2424; x_wconf 86' lang='lat' dir='ltr'>esse</span> 
     </span>
    </p>

    <p class='ocr_par' dir='ltr' id='par_1_12' title="bbox 68 2444 1296 3930">
     <span class='ocr_line' id='line_1_16' title="bbox 68 2444 1202 2542; baseline -0.001 -20"><span class='ocrx_word' id='word_1_90' title='bbox 68 2444 86 2489; x_wconf 57' lang='lat'>³</span> <span class='ocrx_word' id='word_1_91' title='bbox 106 2462 269 2539; x_wconf 67' lang='lat' dir='ltr'>&#39;&#39;mnfessim</span> <span class='ocrx_word' id='word_1_92' title='bbox 278 2481 340 2536; x_wconf 85' lang='lat' dir='ltr'>quae</span> <span class='ocrx_word' id='word_1_93' title='bbox 354 2462 461 2524; x_wconf 85' lang='lat' dir='ltr'>adrem</span> <span class='ocrx_word' id='word_1_94' title='bbox 470 2483 528 2523; x_wconf 91' lang='lat' dir='ltr'>non</span> <span class='ocrx_word' id='word_1_95' title='bbox 542 2465 685 2542; x_wconf 88' lang='lat' dir='ltr'>pertinent</span> <span class='ocrx_word' id='word_1_96' title='bbox 697 2465 818 2523; x_wconf 86' lang='lat' dir='ltr'>evitatis.</span> <span class='ocrx_word' id='word_1_97' title='bbox 845 2459 961 2521; x_wconf 71' lang='lat' dir='ltr'>Melie</span> <span class='ocrx_word' id='word_1_98' title='bbox 974 2463 1011 2519; x_wconf 91' lang='lat' dir='ltr'>sit</span> <span class='ocrx_word' id='word_1_99' title='bbox 1023 2472 1202 2533; x_wconf 87' lang='lat' dir='ltr'>necesseest,</span> 
     </span>
     <span class='ocr_line' id='line_1_17' title="bbox 120 2559 1203 2637; baseline 0.002 -18"><span class='ocrx_word' id='word_1_100' title='bbox 120 2561 215 2637; x_wconf 84' lang='lat' dir='ltr'>procul</span> <span class='ocrx_word' id='word_1_101' title='bbox 237 2560 304 2620; x_wconf 94' lang='lat' dir='ltr'>dolo</span> <span class='ocrx_word' id='word_1_102' title='bbox 326 2565 406 2621; x_wconf 88' lang='lat' dir='ltr'>omni</span> <span class='ocrx_word' id='word_1_103' title='bbox 419 2573 447 2620; x_wconf 90' lang='lat' dir='ltr'>et</span> <span class='ocrx_word' id='word_1_104' title='bbox 459 2572 516 2621; x_wconf 91' lang='lat' dir='ltr'>arte</span> <span class='ocrx_word' id='word_1_105' title='bbox 537 2563 696 2630; x_wconf 91' lang='lat' dir='ltr'>verborum,</span> <span class='ocrx_word' id='word_1_106' title='bbox 712 2564 815 2636; x_wconf 90' lang='lat' dir='ltr'>quibus</span> <span class='ocrx_word' id='word_1_107' title='bbox 829 2563 937 2621; x_wconf 88' lang='lat' dir='ltr'>veletur</span> <span class='ocrx_word' id='word_1_108' title='bbox 949 2559 1093 2619; x_wconf 84' lang='lat' dir='ltr'>delictum.</span> <span class='ocrx_word' id='word_1_109' title='bbox 1131 2561 1203 2621; x_wconf 69' lang='lat' dir='ltr'>me-</span> 
     </span>
     <span class='ocr_line' id='line_1_18' title="bbox 118 2660 1203 2737; baseline 0 -17"><span class='ocrx_word' id='word_1_110' title='bbox 118 2667 236 2737; x_wconf 79' lang='lat' dir='ltr'>quenter</span> <span class='ocrx_word' id='word_1_111' title='bbox 249 2662 379 2720; x_wconf 87' lang='lat' dir='ltr'>confiteri</span> <span class='ocrx_word' id='word_1_112' title='bbox 392 2663 505 2721; x_wconf 91' lang='lat' dir='ltr'>consilii</span> <span class='ocrx_word' id='word_1_113' title='bbox 520 2672 578 2731; x_wconf 90' lang='lat' dir='ltr'>est;</span> <span class='ocrx_word' id='word_1_114' title='bbox 594 2663 684 2721; x_wconf 87' lang='lat' dir='ltr'>semel</span> <span class='ocrx_word' id='word_1_115' title='bbox 702 2662 731 2720; x_wconf 90' lang='lat' dir='ltr'>in</span> <span class='ocrx_word' id='word_1_116' title='bbox 745 2679 819 2720; x_wconf 88' lang='lat' dir='ltr'>anuo</span> <span class='ocrx_word' id='word_1_117' title='bbox 832 2660 1035 2728; x_wconf 85' lang='lat' dir='ltr'>necessarium,</span> <span class='ocrx_word' id='word_1_118' title='bbox 1049 2677 1086 2717; x_wconf 86' lang='lat' dir='ltr'>ex</span> <span class='ocrx_word' id='word_1_119' title='bbox 1100 2660 1203 2720; x_wconf 87' lang='lat' dir='ltr'>Eccle-</span> 
     </span>
     <span class='ocr_line' id='line_1_19' title="bbox 119 2760 1202 2837; baseline 0.001 -20"><span class='ocrx_word' id='word_1_120' title='bbox 119 2761 163 2818; x_wconf 83' lang='lat' dir='ltr'>siae</span> <span class='ocrx_word' id='word_1_121' title='bbox 183 2769 348 2837; x_wconf 63' lang='lat' dir='ltr'>precepto„</span> <span class='ocrx_word' id='word_1_122' title='bbox 373 2760 470 2821; x_wconf 82' lang='lat' dir='ltr'>Nuda</span> <span class='ocrx_word' id='word_1_123' title='bbox 490 2762 592 2820; x_wconf 87' lang='lat' dir='ltr'>dieitur</span> <span class='ocrx_word' id='word_1_124' title='bbox 605 2761 759 2830; x_wconf 82' lang='lat' dir='ltr'>confessio,</span> <span class='ocrx_word' id='word_1_125' title='bbox 774 2779 837 2834; x_wconf 82' lang='lat' dir='ltr'>quae</span> <span class='ocrx_word' id='word_1_126' title='bbox 857 2778 903 2818; x_wconf 89' lang='lat' dir='ltr'>res</span> <span class='ocrx_word' id='word_1_127' title='bbox 917 2768 1002 2837; x_wconf 88' lang='lat' dir='ltr'>prout</span> <span class='ocrx_word' id='word_1_128' title='bbox 1020 2760 1202 2818; x_wconf 85' lang='lat' dir='ltr'>sunt-refert:</span> 
     </span>
     <span class='ocr_line' id='line_1_20' title="bbox 120 2856 1296 2935; baseline 0.001 -19"><span class='ocrx_word' id='word_1_129' title='bbox 120 2877 177 2931; x_wconf 83' lang='lat' dir='ltr'>quae</span> <span class='ocrx_word' id='word_1_130' title='bbox 199 2868 294 2917; x_wconf 89' lang='lat' dir='ltr'>tamen</span> <span class='ocrx_word' id='word_1_131' title='bbox 314 2859 443 2920; x_wconf 82' lang='lat' dir='ltr'>discreta</span> <span class='ocrx_word' id='word_1_132' title='bbox 463 2880 527 2919; x_wconf 90' lang='lat' dir='ltr'>esso</span> <span class='ocrx_word' id='word_1_133' title='bbox 550 2862 633 2920; x_wconf 88' lang='lat' dir='ltr'>debet</span> <span class='ocrx_word' id='word_1_134' title='bbox 658 2871 686 2918; x_wconf 92' lang='lat' dir='ltr'>et</span> <span class='ocrx_word' id='word_1_135' title='bbox 710 2858 887 2928; x_wconf 84' lang='lat' dir='ltr'>verecundo,</span> <span class='ocrx_word' id='word_1_136' title='bbox 902 2877 939 2918; x_wconf 88' lang='lat' dir='ltr'>ne</span> <span class='ocrx_word' id='word_1_137' title='bbox 964 2856 1033 2933; x_wconf 92' lang='lat' dir='ltr'>quid</span> <span class='ocrx_word' id='word_1_138' title='bbox 1059 2867 1140 2935; x_wconf 87' lang='lat' dir='ltr'>turpe</span> <span class='ocrx_word' id='word_1_139' title='bbox 1160 2859 1206 2917; x_wconf 88' lang='lat' dir='ltr'>vel</span> <span class='ocrx_word' id='word_1_140' title='bbox 1289 2868 1296 2877; x_wconf 83' lang='lat'><em>&#39;</em></span> 
     </span>
     <span class='ocr_line' id='line_1_21' title="bbox 119 2958 1201 3037; baseline 0 -22"><span class='ocrx_word' id='word_1_141' title='bbox 119 2959 234 3016; x_wconf 85' lang='lat' dir='ltr'>noxium</span> <span class='ocrx_word' id='word_1_142' title='bbox 249 2959 421 3034; x_wconf 86' lang='lat' dir='ltr'>proferatur;</span> <span class='ocrx_word' id='word_1_143' title='bbox 443 2961 505 3037; x_wconf 88' lang='lat' dir='ltr'>ipsa</span> <span class='ocrx_word' id='word_1_144' title='bbox 525 2963 601 3020; x_wconf 93' lang='lat' dir='ltr'>enim</span> <span class='ocrx_word' id='word_1_145' title='bbox 624 2959 730 3036; x_wconf 82' lang='lat' dir='ltr'>flagitia</span> <span class='ocrx_word' id='word_1_146' title='bbox 752 2978 815 3032; x_wconf 85' lang='lat' dir='ltr'>quae</span> <span class='ocrx_word' id='word_1_147' title='bbox 829 2959 893 3032; x_wconf 87' lang='lat' dir='ltr'>quis</span> <span class='ocrx_word' id='word_1_148' title='bbox 913 2958 1067 3025; x_wconf 88' lang='lat' dir='ltr'>admiserit,</span> <span class='ocrx_word' id='word_1_149' title='bbox 1082 2959 1201 3017; x_wconf 86' lang='lat' dir='ltr'>vocibus</span> 
     </span>
     <span class='ocr_line' id='line_1_22' title="bbox 118 3057 1203 3136; baseline 0.006 -25"><span class='ocrx_word' id='word_1_150' title='bbox 118 3057 284 3117; x_wconf 87' lang='lat' dir='ltr'>verecundis</span> <span class='ocrx_word' id='word_1_151' title='bbox 307 3059 458 3117; x_wconf 86' lang='lat' dir='ltr'>indicanda</span> <span class='ocrx_word' id='word_1_152' title='bbox 476 3068 551 3118; x_wconf 88' lang='lat' dir='ltr'>suut.</span> <span class='ocrx_word' id='word_1_153' title='bbox 593 3058 715 3118; x_wconf 82' lang='lat' dir='ltr'>Ludens</span> <span class='ocrx_word' id='word_1_154' title='bbox 741 3058 885 3119; x_wconf 88' lang='lat' dir='ltr'>confessio</span> <span class='ocrx_word' id='word_1_155' title='bbox 912 3067 964 3127; x_wconf 86' lang='lat' dir='ltr'>est,</span> <span class='ocrx_word' id='word_1_156' title='bbox 988 3076 1074 3131; x_wconf 91' lang='lat' dir='ltr'>quam</span> <span class='ocrx_word' id='word_1_157' title='bbox 1100 3071 1203 3136; x_wconf 89' lang='lat' dir='ltr'>sponte</span> 
     </span>
     <span class='ocr_line' id='line_1_23' title="bbox 119 3156 1203 3235; baseline 0.006 -22"><span class='ocrx_word' id='word_1_158' title='bbox 119 3158 178 3229; x_wconf 90' lang='lat' dir='ltr'>quis</span> <span class='ocrx_word' id='word_1_159' title='bbox 202 3159 321 3235; x_wconf 86' lang='lat' dir='ltr'>peragit,</span> <span class='ocrx_word' id='word_1_160' title='bbox 335 3176 398 3230; x_wconf 86' lang='lat' dir='ltr'>quae</span> <span class='ocrx_word' id='word_1_161' title='bbox 412 3159 488 3216; x_wconf 92' lang='lat' dir='ltr'>enim</span> <span class='ocrx_word' id='word_1_162' title='bbox 502 3168 686 3231; x_wconf 87' lang='lat' dir='ltr'>extorquetur</span> <span class='ocrx_word' id='word_1_163' title='bbox 704 3158 857 3231; x_wconf 90' lang='lat' dir='ltr'>aliquando</span> <span class='ocrx_word' id='word_1_164' title='bbox 871 3179 888 3216; x_wconf 87' lang='lat' dir='ltr'>a</span> <span class='ocrx_word' id='word_1_165' title='bbox 907 3159 1003 3217; x_wconf 88' lang='lat' dir='ltr'>noxiis</span> <span class='ocrx_word' id='word_1_166' title='bbox 1024 3156 1122 3218; x_wconf 83' lang='lat' dir='ltr'>delicti</span> <span class='ocrx_word' id='word_1_167' title='bbox 1136 3178 1203 3218; x_wconf 90' lang='lat' dir='ltr'>con·</span> 
     </span>
     <span class='ocr_line' id='line_1_24' title="bbox 117 3254 1203 3333; baseline 0.004 -22"><span class='ocrx_word' id='word_1_168' title='bbox 117 3254 212 3324; x_wconf 88' lang='lat' dir='ltr'>sessio,</span> <span class='ocrx_word' id='word_1_169' title='bbox 226 3258 345 3315; x_wconf 88' lang='lat' dir='ltr'>omnino</span> <span class='ocrx_word' id='word_1_170' title='bbox 359 3257 453 3315; x_wconf 87' lang='lat' dir='ltr'>differt</span> <span class='ocrx_word' id='word_1_171' title='bbox 466 3277 481 3313; x_wconf 92' lang='lat' dir='ltr'>a</span> <span class='ocrx_word' id='word_1_172' title='bbox 495 3258 539 3315; x_wconf 89' lang='lat' dir='ltr'>sui</span> <span class='ocrx_word' id='word_1_173' title='bbox 549 3258 740 3325; x_wconf 85' lang='lat' dir='ltr'>accusatione,</span> <span class='ocrx_word' id='word_1_174' title='bbox 755 3276 840 3330; x_wconf 92' lang='lat' dir='ltr'>quam</span> <span class='ocrx_word' id='word_1_175' title='bbox 854 3259 996 3333; x_wconf 88' lang='lat' dir='ltr'>poenitens</span> <span class='ocrx_word' id='word_1_176' title='bbox 1005 3257 1082 3325; x_wconf 87' lang='lat' dir='ltr'>facit,</span> <span class='ocrx_word' id='word_1_177' title='bbox 1092 3258 1163 3323; x_wconf 85' lang='lat' dir='ltr'>¹Deo</span> <span class='ocrx_word' id='word_1_178' title='bbox 1172 3265 1203 3316; x_wconf 88' lang='lat' dir='ltr'>ut</span> 
     </span>
     <span class='ocr_line' id='line_1_25' title="bbox 117 3355 1202 3434; baseline 0.001 -22"><span class='ocrx_word' id='word_1_179' title='bbox 117 3356 297 3431; x_wconf 88' lang='lat' dir='ltr'>obtemperet.</span> <span class='ocrx_word' id='word_1_180' title='bbox 348 3355 475 3434; x_wconf 81' lang='lat' dir='ltr'>Integra</span> <span class='ocrx_word' id='word_1_181' title='bbox 496 3365 549 3424; x_wconf 87' lang='lat' dir='ltr'>est,</span> <span class='ocrx_word' id='word_1_182' title='bbox 571 3357 682 3430; x_wconf 87' lang='lat' dir='ltr'>quoties</span> <span class='ocrx_word' id='word_1_183' title='bbox 703 3356 744 3414; x_wconf 89' lang='lat' dir='ltr'>nil</span> <span class='ocrx_word' id='word_1_184' title='bbox 770 3357 906 3415; x_wconf 90' lang='lat' dir='ltr'>omittitur</span> <span class='ocrx_word' id='word_1_185' title='bbox 932 3355 1008 3430; x_wconf 93' lang='lat' dir='ltr'>quod</span> <span class='ocrx_word' id='word_1_186' title='bbox 1035 3356 1083 3414; x_wconf 85' lang='lat' dir='ltr'>lex</span> <span class='ocrx_word' id='word_1_187' title='bbox 1106 3356 1202 3414; x_wconf 86' lang='lat' dir='ltr'>diuina</span> 
     </span>
     <span class='ocr_line' id='line_1_26' title="bbox 120 3453 1203 3533; baseline -0.002 -22"><span class='ocrx_word' id='word_1_188' title='bbox 120 3453 254 3513; x_wconf 86' lang='lat' dir='ltr'>declarari</span> <span class='ocrx_word' id='word_1_189' title='bbox 268 3455 368 3532; x_wconf 89' lang='lat' dir='ltr'>jubet:</span> <span class='ocrx_word' id='word_1_190' title='bbox 390 3462 499 3514; x_wconf 83' lang='lat' dir='ltr'>secreto</span> <span class='ocrx_word' id='word_1_191' title='bbox 514 3456 555 3524; x_wconf 88' lang='lat' dir='ltr'>fit,</span> <span class='ocrx_word' id='word_1_192' title='bbox 570 3457 680 3514; x_wconf 88' lang='lat' dir='ltr'>nemini</span> <span class='ocrx_word' id='word_1_193' title='bbox 693 3455 813 3525; x_wconf 85' lang='lat' dir='ltr'>scilicet,</span> <span class='ocrx_word' id='word_1_194' title='bbox 828 3466 929 3533; x_wconf 79' lang='lat' dir='ltr'>praeter</span> <span class='ocrx_word' id='word_1_195' title='bbox 948 3453 1124 3512; x_wconf 86' lang='lat' dir='ltr'>sacerdotem</span> <span class='ocrx_word' id='word_1_196' title='bbox 1138 3453 1203 3527; x_wconf 90' lang='lat' dir='ltr'>quis</span> 
     </span>
     <span class='ocr_line' id='line_1_27' title="bbox 118 3551 1202 3628; baseline -0.003 -17"><span class='ocrx_word' id='word_1_197' title='bbox 118 3562 224 3613; x_wconf 87' lang='lat' dir='ltr'>tenetur</span> <span class='ocrx_word' id='word_1_198' title='bbox 250 3573 302 3612; x_wconf 88' lang='lat' dir='ltr'>sua</span> <span class='ocrx_word' id='word_1_199' title='bbox 327 3555 453 3612; x_wconf 88' lang='lat' dir='ltr'>revelare</span> <span class='ocrx_word' id='word_1_200' title='bbox 479 3554 590 3624; x_wconf 87' lang='lat' dir='ltr'>delicta,</span> <span class='ocrx_word' id='word_1_201' title='bbox 618 3574 680 3628; x_wconf 83' lang='lat' dir='ltr'>quae</span> <span class='ocrx_word' id='word_1_202' title='bbox 702 3564 807 3613; x_wconf 86' lang='lat' dir='ltr'>aetemo</span> <span class='ocrx_word' id='word_1_203' title='bbox 833 3553 946 3612; x_wconf 88' lang='lat' dir='ltr'>silentio</span> <span class='ocrx_word' id='word_1_204' title='bbox 966 3551 1106 3609; x_wconf 82' lang='lat' dir='ltr'>servanda</span> <span class='ocrx_word' id='word_1_205' title='bbox 1127 3559 1202 3609; x_wconf 88' lang='lat' dir='ltr'>sunt.</span> 
     </span>
     <span class='ocr_line' id='line_1_28' title="bbox 118 3647 1203 3730; baseline -0.003 -20"><span class='ocrx_word' id='word_1_206' title='bbox 118 3651 272 3730; x_wconf 86' lang='lat' dir='ltr'>Lacrymas</span> <span class='ocrx_word' id='word_1_207' title='bbox 287 3653 445 3722; x_wconf 87' lang='lat' dir='ltr'>offundere,</span> <span class='ocrx_word' id='word_1_208' title='bbox 459 3653 526 3713; x_wconf 91' lang='lat' dir='ltr'>dnm</span> <span class='ocrx_word' id='word_1_209' title='bbox 541 3656 605 3728; x_wconf 89' lang='lat' dir='ltr'>quis</span> <span class='ocrx_word' id='word_1_210' title='bbox 626 3654 785 3721; x_wconf 87' lang='lat' dir='ltr'>confitetur,</span> <span class='ocrx_word' id='word_1_211' title='bbox 800 3669 919 3710; x_wconf 80' lang='lat' dir='ltr'>necesse</span> <span class='ocrx_word' id='word_1_212' title='bbox 939 3669 996 3708; x_wconf 91' lang='lat' dir='ltr'>non</span> <span class='ocrx_word' id='word_1_213' title='bbox 1016 3660 1075 3717; x_wconf 80' lang='lat' dir='ltr'>cst3</span> <span class='ocrx_word' id='word_1_214' title='bbox 1096 3647 1147 3706; x_wconf 87' lang='lat' dir='ltr'>sed</span> <span class='ocrx_word' id='word_1_215' title='bbox 1165 3667 1203 3707; x_wconf 89' lang='lat' dir='ltr'>ex</span> 
     </span>
     <span class='ocr_line' id='line_1_29' title="bbox 119 3747 1205 3832; baseline -0.001 -25"><span class='ocrx_word' id='word_1_216' title='bbox 119 3769 182 3812; x_wconf 81' lang='lat' dir='ltr'>vero</span> <span class='ocrx_word' id='word_1_217' title='bbox 195 3755 283 3813; x_wconf 83' lang='lat' dir='ltr'>animi</span> <span class='ocrx_word' id='word_1_218' title='bbox 297 3752 394 3811; x_wconf 89' lang='lat' dir='ltr'>dolore</span> <span class='ocrx_word' id='word_1_219' title='bbox 408 3754 552 3812; x_wconf 85' lang='lat' dir='ltr'>consessio</span> <span class='ocrx_word' id='word_1_220' title='bbox 566 3753 680 3832; x_wconf 88' lang='lat' dir='ltr'>prodire</span> <span class='ocrx_word' id='word_1_221' title='bbox 689 3752 788 3819; x_wconf 88' lang='lat' dir='ltr'>debet;</span> <span class='ocrx_word' id='word_1_222' title='bbox 803 3751 946 3828; x_wconf 84' lang='lat' dir='ltr'>poenitens</span> <span class='ocrx_word' id='word_1_223' title='bbox 955 3748 1062 3824; x_wconf 89' lang='lat' dir='ltr'>quippe</span> <span class='ocrx_word' id='word_1_224' title='bbox 1070 3747 1205 3825; x_wconf 87' lang='lat' dir='ltr'>plangere</span> 
     </span>
     <span class='ocr_line' id='line_1_30' title="bbox 120 3847 1202 3930; baseline -0.003 -21"><span class='ocrx_word' id='word_1_225' title='bbox 120 3864 229 3927; x_wconf 86' lang='lat' dir='ltr'>peecata</span> <span class='ocrx_word' id='word_1_226' title='bbox 241 3861 390 3912; x_wconf 87' lang='lat' dir='ltr'>censetur:</span> <span class='ocrx_word' id='word_1_227' title='bbox 405 3854 452 3912; x_wconf 86' lang='lat' dir='ltr'>vel</span> <span class='ocrx_word' id='word_1_228' title='bbox 465 3854 565 3912; x_wconf 86' lang='lat' dir='ltr'>saltem</span> <span class='ocrx_word' id='word_1_229' title='bbox 579 3852 664 3930; x_wconf 86' lang='lat' dir='ltr'>dirigi</span> <span class='ocrx_word' id='word_1_230' title='bbox 678 3850 763 3909; x_wconf 90' lang='lat' dir='ltr'>debet</span> <span class='ocrx_word' id='word_1_231' title='bbox 775 3848 920 3907; x_wconf 86' lang='lat' dir='ltr'>confessio</span> <span class='ocrx_word' id='word_1_232' title='bbox 934 3847 969 3905; x_wconf 90' lang='lat' dir='ltr'>ad</span> <span class='ocrx_word' id='word_1_233' title='bbox 985 3848 1096 3907; x_wconf 87' lang='lat' dir='ltr'>veniam</span> <span class='ocrx_word' id='word_1_234' title='bbox 1112 3847 1202 3926; x_wconf 91' lang='lat' dir='ltr'>impe·</span> 
     </span>
    </p>
   </div>
   <div class='ocr_carea' id='block_1_10' title="bbox 161 4066 940 4211">
    <p class='ocr_par' dir='ltr' id='par_1_13' title="bbox 161 4066 940 4211">
     <span class='ocr_line' id='line_1_31' title="bbox 400 4066 940 4142; baseline -0.011 -20"><span class='ocrx_word' id='word_1_235' title='bbox 400 4075 442 4142; x_wconf 93' lang='lat' dir='ltr'>(l)</span> <span class='ocrx_word' id='word_1_236' title='bbox 462 4073 489 4124; x_wconf 87' lang='lat' dir='ltr'>S.</span> <span class='ocrx_word' id='word_1_237' title='bbox 500 4073 591 4124; x_wconf 85' lang='lat' dir='ltr'>Thom.</span> <span class='ocrx_word' id='word_1_238' title='bbox 603 4071 664 4137; x_wconf 82' lang='lat' dir='ltr'>Sup.</span> <span class='ocrx_word' id='word_1_239' title='bbox 674 4069 708 4120; x_wconf 79' lang='lat' dir='ltr'>iin</span> <span class='ocrx_word' id='word_1_240' title='bbox 719 4084 743 4135; x_wconf 87' lang='lat' dir='ltr'>p.</span> <span class='ocrx_word' id='word_1_241' title='bbox 755 4084 796 4133; x_wconf 90' lang='lat' dir='ltr'>qu.</span> <span class='ocrx_word' id='word_1_242' title='bbox 807 4067 842 4118; x_wconf 86' lang='lat' dir='ltr'>ix.</span> <span class='ocrx_word' id='word_1_243' title='bbox 853 4075 896 4118; x_wconf 85' lang='lat' dir='ltr'>art.</span> <span class='ocrx_word' id='word_1_244' title='bbox 907 4066 940 4117; x_wconf 80' lang='lat' dir='ltr'>iv.</span> 
     </span>
     <span class='ocr_line' id='line_1_32' title="bbox 161 4149 388 4211; baseline 0.009 -2"><span class='ocrx_word' id='word_1_245' title='bbox 161 4149 235 4211; x_wconf 79' lang='lat' dir='ltr'>Vor..</span> <span class='ocrx_word' id='word_1_246' title='bbox 250 4152 388 4211; x_wconf 71' lang='lat' dir='ltr'>lit-14</span> 
     </span>
    </p>
   </div>
   <div class='ocr_carea' id='block_1_11' title="bbox 0 0 1324 4860">
    <p class='ocr_par' dir='ltr' id='par_1_14' title="bbox 0 0 1324 4860">
     <span class='ocr_line' id='line_1_33' title="bbox 0 0 1324 4860; baseline 0 0"><span class='ocrx_word' id='word_1_247' title='bbox 0 0 1324 4860; x_wconf 95' lang='lat' dir='ltr'> </span> 
     </span>
    </p>
   </div>
  </div>
 </body>
</html>
