2640 4860
122 390 182 447 aar
520 378 818 461 ouurvouuuo.

121 552 189 613 dum
201 571 209 608 z
231 565 316 607 secus
329 549 355 606 si
368 567 406 607 ex
421 559 498 607 metu
512 548 699 607 consenserit.
741 548 774 606 Si
788 549 833 607 vis
847 548 925 607 illata
945 549 1043 609 invita
1056 552 1193 621 innotuerit,
1211 550 1214 555 ’

121 650 214 730 pudor
228 647 373 719 animique
388 667 492 706 rnoeror
505 658 601 724 potest
613 657 706 705 tantus
719 665 784 706 esse
795 657 826 706 nt
839 647 997 708 divortium
1009 659 1106 710 mutuo
1115 652 1196 711 saltent
1241 688 1245 724 ,

120 767 264 809 consensu
278 747 498 823 permittendum
518 747 564 804 sit
607 747 641 805 Si
659 756 778 820 uterque
797 748 905 825 conjux
926 767 1063 825 peccasse
1077 760 1197 818 noscatur,

119 868 178 908 noo
201 847 282 905 datur
304 844 476 905 divortium:
499 855 594 904 “cum
618 846 696 923 paria
716 848 837 905 crimina
859 850 1098 924 compensatione
1120 861 1200 908 mutua

120 949 276 1012 deleantur,
291 945 333 1001 vir
346 944 510 1023 hujusmodi
520 946 715 1004 fornicationis
728 946 842 1005 obtentu
854 966 914 1004 sure
925 948 1026 1006 uxoris
1040 951 1138 1022 nequit
1149 969 1201 1008 con·

120 1049 240 1107 sortium
255 1038 446 1103 declinarc.”¹
487 1045 551 1104 lmo
573 1046 600 1102 si
621 1054 686 1120 post
705 1047 914 1121 separationem
937 1047 1010 1104 alter
1030 1050 1138 1106 crimen
1157 1049 1201 1108 hoc

122 1147 260 1211 admittat,
283 1161 396 1215 equum
420 1154 464 1201 est
483 1145 561 1203 alteri
582 1146 741 1222 ignoscere,
762 1146 893 1218 quamvis
907 1145 934 1203 si
948 1147 1143 1206 intercesserit
1153 1168 1203 1206 sen·

123 1246 210 1306 tentia
219 1242 336 1321 judicis,
350 1261 408 1300 non
423 1254 549 1319 cogatur,
564 1262 629 1302 nam
643 1261 709 1301 rens
724 1245 802 1302 omni
811 1246 877 1323 jure
890 1263 945 1303 suo
959 1246 1089 1321 privatus
1103 1257 1152 1305 est.
1177 1249 1203 1306 Si

122 1344 281 1405 alterutrius
307 1342 416 1400 crimen
437 1360 495 1400 non
520 1343 684 1410 innotuerit,
705 1344 794 1416 queri
820 1352 915 1420 potest
935 1353 1032 1403 utrum
1054 1347 1137 1404 liceat
1154 1348 1203 1405 viro

122 1444 251 1504 adulterii
272 1441 326 1499 sibi
346 1443 474 1509 conscio,
495 1443 626 1521 conjugis
650 1443 679 1500 in
700 1441 837 1500 adulterio
850 1442 1041 1520 deprehensae
1056 1447 1161 1504 crimen
1172 1445 1203 1504 di·

121 1543 211 1602 t'ortio
235 1538 356 1618 petendo
376 1542 486 1617 punire.
528 1541 561 1598 S.
588 1540 755 1618 Alphonsus
775 1527 844 1600 dicit
868 1561 926 1602 non
947 1542 1037 1601 licere
1065 1544 1203 1604 divortium

29 1624 32 1629 ¹
119 1643 223 1708 saccio,
246 1641 300 1698 “si
315 1649 433 1714 uterque
446 1659 511 1698 rcus
524 1641 562 1698 sit
574 1640 717 1708 adulterii,
732 1651 799 1699 tuno
811 1641 888 1700 enim
903 1653 1007 1701 neuter
1021 1643 1073 1720 jus
1086 1644 1165 1702 habet
1175 1644 1202 1702 ad

120 1741 274 1799 divortium
288 1740 340 1797 etsi
356 1759 429 1798 unus
442 1739 532 1798 semel
547 1741 707 1816 peccaverit
719 1752 749 1798 et
761 1741 882 1808 occulte,
898 1743 970 1800 alter
984 1740 1053 1800 verb
1067 1746 1170 1802 centies
1181 1754 1202 1800 at

121 1830 285 1918 publice.”2
324 1839 457 1898 Attamen
478 1840 591 1912 quotics
610 1840 709 1897 uxoris
732 1841 840 1898 crimen
863 1840 899 1899 ad
919 1841 1068 1918 publicam
1089 1845 1203 1902 notitiam

120 1939 273 1999 deductum
288 1937 382 2005 luerit,
396 1938 508 1996 videtur
519 1939 605 1997 licere
618 1957 681 1997 eam
695 1938 844 2007 dimittere,
859 1942 907 1998 vix
921 1940 1002 1999 enim
1016 1953 1118 2017 posset
1130 1943 1200 2000 mari·

119 2052 164 2098 tus
177 2058 241 2097 earn
255 2038 377 2095 retinere
398 2038 505 2109 absque
525 2039 695 2116 gravissimo
708 2039 754 2096 sui
768 2037 926 2097 dedecore:
949 2039 1069 2112 quodsi
1083 2042 1158 2101 haud
1169 2043 1203 2100 in·

119 2139 253 2204 notuerit,
277 2146 463 2212 praeterquam
484 2138 553 2205 reis,
575 2137 622 2194 vel
641 2137 691 2195 uni
714 2137 830 2196 alterive
850 2157 888 2196 ex
908 2140 1092 2215 propinquis,
1107 2141 1204 2200 videtur

118 2255 177 2295 non
190 2234 285 2293 licere.
327 2234 477 2292 Innocenti
497 2234 564 2292 licet
584 2234 741 2294 adulteram
765 2236 800 2294 ad
821 2255 854 2296 se
874 2256 1020 2312 reuocare,
1045 2259 1109 2312 quae
1132 2241 1203 2299 debet

118 2333 209 2392 redire
228 2343 258 2391 et
280 2331 397 2390 reddere
420 2331 558 2400 debitum,
581 2334 607 2391 si
627 2334 736 2408 absque
756 2337 820 2394 vitre
833 2336 1011 2406 discrimine,
1033 2340 1079 2397 vel
1093 2339 1202 2400 durioris

117 2432 289 2491 tractationis
303 2431 403 2490 valeat.
1218 2418 1221 2423 ¹

160 2537 227 2591 118.
249 2533 281 2590 st
296 2533 458 2590 auctoritate
473 2532 550 2589 civili
565 2531 669 2591 sactum
684 2534 721 2591 sit
733 2533 896 2602 divortium,
910 2536 1004 2610 poenis
1018 2536 1149 2597 adulterii
1162 2539 1204 2596 ob·

118 2635 199 2692 noxii
213 2644 296 2691 erunt
308 2633 446 2708 conjuges
460 2632 695 2690 consuetudinem
710 2644 879 2692 renovantes
894 2633 1093 2704 domesticam,
1109 2639 1203 2710 absque

117 2734 200 2792 novis
215 2732 331 2810 nuptiis.
374 2731 408 2789 Id
428 2741 520 2788 autem
541 2732 629 2802 quari
643 2742 737 2808 potest
749 2742 843 2791 utrum
858 2733 893 2791 ad
911 2753 1010 2810 poenas
1024 2735 1099 2812 legis
1113 2738 1203 2813 effugi·

117 2832 216 2900 endas,
231 2832 306 2890 etad
317 2833 382 2909 jura
395 2829 597 2906 recuperanda,
611 2831 695 2889 liceat
711 2850 882 2891 consensum
906 2835 1091 2893 matrimonio
1111 2838 1201 2895 iterum

117 2933 193 2990 dare.
218 2932 337 2990 Videtur
350 2931 436 2989 licere
450 2949 546 2987 coram
559 2930 704 2989 sacerdote
718 2950 893 2990 consensum
904 2933 972 2991 olim
986 2934 1085 2992 datum
1095 2937 1200 3000 referre,

115 3042 147 3089 ut
159 3032 194 3089 de
207 3031 390 3089 matrimonio
404 3030 495 3105 possit
509 3029 619 3086 testari:
642 3029 692 3087 sed
705 3048 863 3088 consensus
878 3033 941 3108 ipse
955 3034 1138 3092 renovandus
1152 3053 1201 3093 non

116 3141 168 3198 est,
184 3132 251 3203 quia
265 3149 352 3203 quum
367 3129 404 3185 sit
416 3128 507 3186 forma
527 3130 706 3197 sacramenti,
721 3149 779 3188 nou
793 3139 886 3207 potest
899 3133 1001 3190 iterari.
1045 3134 1124 3193 Dum
1145 3152 1202 3192 cura

115 3229 263 3288 adhibetur
273 3240 303 3286 ut
319 3228 353 3285 de
374 3229 555 3286 matrimonio
575 3229 660 3287 civile
674 3229 810 3289 hebeatur
824 3232 1031 3301 testimonium,
1047 3235 1196 3292 cavendum

114 3346 150 3384 ne
163 3329 214 3384 ulli
234 3329 307 3384 sacri
328 3327 397 3383 ritus
419 3337 589 3404 peragantur
603 3329 715 3396 iterum,
736 3330 781 3386 vel
799 3329 905 3402 aliquid
928 3330 976 3387 frat
993 3351 1052 3404 quo
1070 3335 1156 3392 errori
1170 3331 1200 3391 da

114 3426 229 3482 vinculo
242 3425 335 3482 soluto
349 3423 428 3480 favor
442 3428 608 3498 praebeatur.

155 3527 221 3581 119.
243 3523 325 3580 Licet
346 3523 491 3580 innocenti
512 3525 627 3600 conjugi
649 3525 785 3584 debitum·
796 3526 937 3604 denegare
956 3527 1098 3597 adultero,
1115 3532 1198 3589 habita

112 3625 240 3684 oriminis
267 3623 381 3681 notitia:
416 3623 476 3680 iuno
498 3623 582 3700 juxta
608 3625 774 3700 plerosque,
803 3637 897 3702 potest
920 3624 1076 3687 divortium
1102 3631 1196 3692 facere,

113 3725 226 3799 quando
240 3734 348 3782 certum
362 3724 481 3781 omnino
495 3733 538 3781 est
551 3723 702 3782 delictum:
724 3725 775 3783 sed
790 3727 837 3783 ubi
853 3726 982 3784 ecclesiae
997 3731 1160 3788 auctoritate
1173 3731 1197 3786 in

112 3828 205 3884 causis
227 3823 479 3883 matrimonialibus
499 3833 657 3890 exercetur,
678 3834 788 3882 servata
804 3825 978 3903 judiciorum
1000 3828 1103 3897 forma,
1125 3830 1199 3886 debet

111 3926 279 4000 plerumque
307 3923 434 4000 judicem
461 3922 549 3990 adire,
576 3935 604 3981 et
628 3925 798 3982 sententiam
825 3936 986 4001 expectare.
1042 3929 1198 3986 Excusatur

110 4035 205 4082 autem
219 4025 268 4096 qui
282 4022 397 4080 dimittit
410 4041 426 4078 a
442 4040 472 4079 se
488 4022 652 4090 adulteram,
667 4023 768 4081 nolens
782 4042 844 4082 rem
864 4044 929 4082 curn
945 4027 990 4082 sui
1005 4035 1034 4084 et
1055 4028 1142 4103 prolis
1154 4025 1195 4084 de·

109 4118 210 4179 decore
225 4122 318 4198 palam
333 4120 443 4178 deferre
460 4121 643 4197 judicandam
657 4142 664 4179 ε
688 4123 735 4181 vel
746 4140 812 4201 quta
825 4123 937 4182 recedit
950 4126 1064 4184 occulte
1078 4128 1112 4184 ab
1126 4123 1195 4184 adul·

109 4224 180 4286 tero,
196 4239 231 4277 ne
246 4219 360 4296 publica
374 4219 513 4278 delatione
528 4223 634 4280 malum
646 4222 865 4299 ingravesceret.

281 4379 323 4442 (1)
343 4376 405 4442 Cap·
417 4377 590 4431 vitumnus.
795 4384 839 4450 (a)
860 4382 967 4435 usin.
979 4383 1037 4431 scr.
