2640 4860
353 376 410 438 DE
431 375 621 438 SOLEMNI
642 376 866 439 BhP'l'lSMO.
1116 385 1154 441 m

502 852 644 912 CAPUT
665 853 719 912 lX.

424 1069 463 1108 DE
484 1069 614 1110 sotiantur
635 1069 793 1109 sacristae.

106 1235 151 1288 59.
172 1237 192 1265 ‘⁶
202 1227 325 1287 Mortale
335 1237 377 1285 est
385 1239 465 1287 extra
473 1239 669 1288 necessitatem
678 1231 819 1307 baptizare
830 1272 837 1287 .
849 1272 856 1287 .
868 1273 875 1288 .
887 1272 894 1288 .
905 1242 984 1288 extra
992 1232 1153 1300 ecclesiam,

72 1339 165 1405 preter
173 1329 265 1386 tilium
273 1329 346 1404 regis
356 1329 582 1409 autprincipisss’
603 1331 646 1388 lta
654 1325 804 1388 Αιιιοίιιε.1
824 1329 947 1388 Indulsit
957 1340 1049 1389 tamen
1062 1330 1154 1389 Sedes

71 1429 233 1505 Apostolica
241 1437 272 1485 ut
281 1428 410 1504 episcopi
421 1439 449 1486 et
459 1430 630 1488 missionarii
640 1431 667 1487 in
678 1428 731 1487 hac
739 1430 855 1506 regione
862 1429 973 1507 judicio
982 1445 1154 1490 snouteren·

70 1539 116 1595 tur,
132 1537 151 1563 “
162 1536 193 1585 ut
206 1535 327 1585 statuant
338 1528 452 1599 quando
463 1530 521 1587 sint
531 1527 650 1605 urgendi
658 1529 757 1587 fideles
771 1538 802 1587 ut
811 1530 932 1588 infantes
944 1530 979 1588 ad
988 1532 1153 1590 Ecclesiam

69 1627 199 1695 deserant,
228 1636 259 1683 ut
284 1627 443 1703 baptismus
471 1629 506 1686 iis
534 1624 742 1687 conferatur.’'²
793 1629 828 1686 In
854 1630 967 1706 synodo
995 1629 1154 1689 dioecesana

69 1726 312 1802 Philadelphiensi
337 1727 512 1803 prohibitum
534 1737 577 1786 est
604 1735 670 1784 “ne
693 1728 722 1784 in
749 1728 907 1787 civitatibus
933 1738 961 1786 et
985 1730 1098 1806 oppidis
1126 1732 1154 1789 in

69 1828 167 1900 quibus
182 1826 305 1884 ecclesia
325 1826 419 1899 aliqua
433 1838 525 1885 erecta
538 1837 591 1894 est,
606 1835 634 1883 et
651 1835 748 1901 pastor
759 1824 875 1894 habitat,
891 1829 964 1900 quis,
979 1831 1035 1886 nisi
1049 1828 1084 1886 de
1099 1831 1156 1888 rita

68 1927 237 2003 periclitans,
252 1927 282 1983 in
300 1927 418 2002 privatis
432 1927 540 1984 aedibus
560 1926 720 2002 baptizetur
731 1918 778 1982 :'’³
799 1944 854 1998 qua
867 1937 1018 1985 occurente
1033 1929 1156 1986 necessi·

69 2037 117 2083 tate
126 2024 291 2084 omittendae
305 2035 371 2083 sunt
383 2026 558 2084 caeremoniae
574 2026 684 2102 praeviae
700 2025 846 2093 ablutioni,
856 2027 907 2085 sed
921 2045 984 2099 quae
998 2037 1157 2099 sequuntur

68 2126 123 2183 fieri
137 2135 283 2202 poterunt,
293 2125 376 2201 juxta
390 2126 471 2202 plura
485 2126 516 2183 S.
532 2123 773 2202 congregationis
788 2125 907 2184 decreta.
963 2127 1155 2186 Missionariis

67 2226 232 2299 relinquitur
249 2223 377 2302 judicare
401 2224 581 2297 quandonam
602 2245 667 2284 rure
689 2225 824 2302 degentes
848 2226 969 2305 cogendi
993 2237 1103 2287 suutut
1116 2229 1158 2286 in·

69 2324 152 2383 latites
167 2324 202 2382 ad
217 2325 368 2383 ecclesiam
383 2324 519 2383 deferant.

103 2430 150 2484 60.
173 2426 281 2483 Praeter
295 2424 467 2483 ablutionem
488 2425 666 2498 formamque
686 2425 848 2502 baptizandi
864 2446 880 2484 a
896 2428 1026 2486 ministro
1046 2427 1155 2486 adhibi·

69 2535 129 2593 tam,
146 2533 166 2560 “
177 2535 279 2583 caetera
292 2525 388 2582 omnia
402 2543 464 2597 quae
476 2525 504 2582 in
519 2526 573 2582 ritu
587 2525 749 2601 baptizandi
763 2526 896 2583 observat
908 2526 1052 2594 Ecclesia,
1064 2527 1154 2603 magis

68 2627 206 2702 pertinent
232 2625 266 2682 ad
293 2622 434 2696 quandam
468 2625 678 2683 solemnitatem
705 2625 884 2681 sacramenti.
938 2623 1010 2690 Quae
1037 2623 1155 2697 quidem

69 2724 233 2783 adhibentur
253 2733 429 2782 sacramento
450 2733 566 2800 propter
579 2723 639 2780 tria.
681 2719 778 2780 Primd
793 2721 909 2793 quidem
924 2721 958 2778 ad
978 2721 1156 2781 excitandam

69 2822 247 2884 devotionem
274 2822 412 2891 fidelium,
439 2832 468 2880 et
489 2823 675 2880 reverentiam
698 2821 733 2879 ad
758 2830 977 2879 sacramentum.
1020 2822 1053 2880 Si
1079 2823 1155 2881 enim

69 2924 234 3002 simpliciter
252 2923 333 2981 fieret
353 2923 457 2980 ablutio
478 2924 507 2981 in
529 2940 612 2994 aqua,
634 2922 741 2994 absque
761 2920 949 2988 solemnitate,
971 2920 1006 2979 de
1025 2921 1102 2978 sacili
1122 2920 1156 2979 ab

70 3022 204 3095 aliquibus
226 3024 421 3089 estimaretur,
436 3023 519 3096 quasi
532 3021 662 3095 quaedam
677 3020 838 3079 communis
853 3020 969 3078 ablutio.
1011 3020 1155 3089 Secundd,

68 3121 99 3178 ad
107 3122 235 3180 fidelium
244 3123 475 3180 instructionem:
491 3122 639 3198 simplices
650 3122 737 3188 enim,
747 3119 905 3192 quilitteris
914 3138 973 3177 non
981 3120 1155 3190 erudiuntur,

69 3230 177 3298 oportet
195 3221 306 3279 erudire
327 3241 379 3299 per
399 3221 493 3294 aliqua
513 3220 659 3279 sensibilia
679 3222 780 3297 signa:
808 3233 885 3298 puta,
907 3239 959 3297 per
983 3221 1106 3297 picturas
1126 3232 1156 3280 et

69 3321 160 3394 aliqua
179 3320 366 3398 hujusmodi:
388 3331 416 3378 et
428 3339 480 3397 per
499 3320 576 3379 hunc
596 3320 713 3380 modum
727 3340 778 3397 per
791 3339 834 3390 ea,
849 3339 911 3392 quae
926 3321 956 3378 in
973 3323 1157 3379 sacramentis

69 3431 197 3498 aguntur,
212 3420 259 3478 rel
278 3421 462 3487 instruuntur,
477 3420 523 3477 vel
542 3420 717 3478 solicitantur
731 3419 766 3477 ad
785 3419 968 3492 quarendum
982 3419 1017 3478 de
1030 3420 1075 3478 his
1092 3441 1156 3495 quae

69 3539 116 3596 per
134 3520 303 3597 hujusmodi
324 3519 471 3578 sensibilia
490 3521 573 3597 signa
592 3520 796 3597 significantur.
838 3520 879 3577 Et
890 3519 955 3577 ideo
968 3522 1036 3593 quia
1056 3530 1157 3597 praeter

69 3619 252 3696 principalem
272 3619 442 3677 sacramenti
467 3618 611 3688 effectum,
633 3629 744 3695 oportet
762 3618 894 3692 quaedam
914 3619 968 3676 alia
987 3621 1060 3677 scire
1081 3620 1157 3675 circa

67 3718 248 3794 baptismum,
263 3719 437 3777 conveniens
451 3718 512 3787 fuit,
529 3728 560 3776 ut
573 3721 658 3777 etiam
672 3717 841 3790 quibusdam
863 3717 1049 3775 exterioribus
1063 3715 1156 3791 signis

69 3826 343 3893 representarentur.
385 3815 497 3885 Τειῑίὸ,
518 3819 586 3890 quia
605 3837 655 3894 per
674 3819 817 3876 orationes
838 3825 867 3874 et
884 3813 1108 3880 benedictiones,
1129 3822 1158 3870 et

70 3915 120 3973 alia
138 3915 314 3994 hujusmodi,
329 3917 475 3976 cohibetur
494 3917 537 3974 vis
558 3917 697 3976 daemonis
717 3917 750 3973 ab
772 3915 978 3992 impedimento
997 3929 1157 3972 sacramen·

68 4015 128 4073 talis
141 4011 312 4074 effectus.”⁴
350 4016 394 4076 Ita
405 4015 540 4094 praeclare
554 4015 636 4075 tradit
648 4016 680 4074 S.
695 4014 835 4072 Thomas.

104 4183 146 4250 (l)
162 4182 246 4232 Tract.
254 4181 284 4232 ds
295 4182 367 4247 Bapt.
378 4199 419 4247 qu.
429 4183 479 4232 viii
490 4182 554 4236 Noto
565 4183 643 4233 citans
657 4178 778 4232 cummi.
787 4177 817 4231 de
830 4177 898 4247 bapt.

103 4267 231 4337 (2)}Onn.
243 4268 293 4319 xvi.
305 4267 384 4319 Gonc.
395 4267 579 4318 Baltimorensis
592 4267 611 4316 1.
716 4266 759 4332 (3)
779 4263 866 4314 Oonst.
877 4263 918 4314 vii.
929 4261 990 4328 Syn.
1002 4261 1080 4316 Dice.
1091 4262 1155 4314 Phil.

388 4355 430 4422 (4)
450 4353 484 4404 iii
495 4369 520 4420 p.
531 4369 572 4420 qu.
583 4352 641 4404 lxvi.
652 4357 696 4403 art.
706 4366 731 4400 x.
766 4350 843 4419 Reap.
