2640 4860
521 108 578 170 DE
599 106 847 170 PROPOSITO.
1175 120 1232 178 lte

142 277 256 340 Peccata
268 274 385 335 lethalia
398 276 495 344 vitare,
508 274 566 335 Dei
579 275 721 336 offensam
733 295 792 335 non
804 275 901 336 odisse
914 280 1111 340 convinciturr
1125 279 1231 342 ideirco

145 380 200 434 uon
211 383 319 434 tautum
329 392 363 432 ea
371 392 435 446 qure
447 373 571 434 admissa
580 374 667 434 deflet
675 375 826 452 poenitens,
836 394 956 450 qumque
968 380 1061 457 majus
1070 380 1229 457 periculum

147 469 185 535 tlti
196 472 328 542 afferunt,
342 473 504 550 specialiter
515 472 628 533 vitanda
640 492 801 552 proponere
810 474 865 532 sibi
876 474 969 545 debet,
979 476 1030 536 sed
1040 497 1227 553 quaecumque

147 568 204 634 Deo
218 573 380 650 displicent,
394 591 458 647 quae
471 582 565 633 tamen
577 574 722 652 sigillatim
736 591 795 633 non
807 584 920 650 oportet
933 577 1022 636 menti
1032 578 1180 647 exhibere,
1193 597 1230 639 ne

147 673 287 732 tentationi
300 671 382 730 detur
398 672 490 732 locus.

176 775 228 830 29.
250 768 372 850 Efficax
389 769 474 830 debet
492 789 557 830 esse
578 771 766 849 propositum,
780 771 903 845 ideoque
923 772 959 831 ad
978 772 1048 833 illud
1069 777 1230 838 executioni

142 869 369 932 demandandum
389 869 528 948 penitens
557 879 670 948 paratus
691 871 728 928 sit
753 889 872 929 necesse
897 880 941 930 est
962 874 1059 932 omnia
1091 892 1229 952 usurpare

139 953 322 1040 adminicula,
331 976 359 1027 et
367 967 503 1040 subsidia,
511 969 683 1044 qnaemcdt'u
694 969 835 1040 dicuntur,
844 971 948 1045 quibus
958 981 1106 1048 peccatum
1115 974 1228 1034 vitetur:

139 1089 193 1131 non
206 1069 287 1131 enim
301 1065 376 1128 serid
388 1067 485 1148 dolere
498 1067 618 1138 ridetur,
632 1070 681 1142 qui
694 1088 752 1128 nou
766 1071 825 1129 vult
838 1089 871 1128 ea
883 1071 987 1142 iacere,
1000 1072 1045 1130 vel
1058 1074 1155 1142 vitare,
1165 1073 1228 1132 sine

137 1169 240 1244 quibus
253 1168 305 1227 rix
318 1175 417 1245 posset
428 1169 459 1228 in
471 1169 547 1228 bono
561 1170 708 1245 proposito
721 1179 854 1228 constans
868 1188 932 1228 esse
952 1180 981 1230 et
992 1170 1098 1231 fidelis.
1140 1172 1231 1250 Igitur

137 1268 283 1329 consortia
304 1265 445 1328 malorum
465 1267 580 1328 vitanda
599 1276 674 1336 runt,
688 1268 752 1327 libri
765 1270 845 1345 pravi
865 1269 1039 1340 destruendi,
1053 1290 1154 1348 preces
1176 1270 1230 1331 ire·

138 1365 321 1442 querenda,
340 1384 427 1425 sacra
455 1366 571 1428 lectioni
596 1375 635 1425 et*
649 1368 826 1427 meditationi
847 1368 1028 1440 vacandum·
1040 1371 1151 1445 aliaque
1177 1385 1230 1449 pro

139 1468 367 1544 uniuscujusque
387 1465 548 1527 conditione
567 1476 595 1524 et
613 1466 762 1542 fragilitate
776 1466 904 1526 facienda
924 1478 999 1538 sunt,
1014 1471 1060 1529 vel
1080 1471 1226 1549 fugienda.

10 1549 33 1603 '-
139 1569 228 1627 dtex
239 1565 325 1643 lapsu
345 1564 481 1643 deinceps
502 1574 600 1627 secuto
620 1564 696 1625 certb
719 1564 851 1625 'concludi
870 1569 969 1640 nequit
980 1571 1158 1645 propositum
1171 1589 1229 1630 non

10 1652 15 1675 ²
138 1667 227 1732 luisse
254 1664 375 1734 efficax,
395 1673 471 1725 tanta
490 1668 567 1726 euim
587 1673 631 1723 est
649 1664 774 1724 hominis
795 1666 940 1743 fragilitas,
953 1677 986 1725 nt
1006 1667 1088 1726 sacile
1110 1687 1127 1725 a
1147 1670 1225 1729 bono

139 1774 288 1834 avertatur,
301 1773 330 1825 et
342 1774 404 1823 ruat
416 1767 446 1825 in
461 1767 556 1846 pejus,
569 1765 724 1842 cupiditate
737 1765 936 1843 impellente.'’
971 1774 991 1802 ‘⁴
1002 1766 1036 1825 Ιιι
1050 1744 1244 1840 quorundam¹

139 1863 258 1934 corda,”
277 1864 370 1938 inquit
389 1865 422 1924 S.
444 1865 601 1943 Gregorius
622 1866 667 1924 M.
689 1866 796 1924 “venit
815 1865 907 1933 Deus,
927 1874 956 1924 et
974 1868 1154 1926 mansionem
1169 1885 1228 1928 non
1296 1866 1299 1871 '

140 1963 224 2032 facit;
239 1963 276 2021 ad
289 1964 477 2040 perpetranda
489 1974 605 2042 peccata
618 1963 745 2034 redeunt,
760 1966 831 2037 acsi
845 1966 963 2025 minime
977 1962 1206 2043 planxissent.”¹

176 2067 226 2121 30.
250 2061 414 2122 Periculum
431 2065 541 2141 peccati
562 2063 729 2140 fugiendum
751 2073 804 2132 est,
818 2065 941 2139 ideoque
962 2068 1142 2144 propositum
1158 2065 1228 2126 illud

141 2162 282 2239 respicere
301 2159 393 2231 debet,
407 2182 473 2221 nam
493 2163 571 2236 “qui
591 2173 668 2222 amat
680 2164 838 2240 periculum
852 2166 883 2223 in
902 2165 951 2223 illo
965 2158 1116 2241 peribit.”⁵¹
1137 2163 1228 2224 Oaete·

142 2279 200 2321 rum
214 2279 276 2320 non
297 2278 382 2318 omne
403 2261 569 2338 fugiendum
582 2271 627 2319 est
647 2262 822 2340 periculum3
844 2281 928 2321 secus
948 2273 1091 2337 oporteret
1112 2282 1150 2321 ex
1171 2264 1227 2321 hoc

142 2359 247 2421 mundo
268 2359 365 2418 exire:
387 2360 439 2418 sed
461 2360 530 2419 illud
555 2360 632 2433 quod
652 2361 831 2439 proximum
851 2361 977 2427 habetur,
997 2360 1084 2432 quod,
1107 2360 1232 2429 scilicet,

145 2468 269 2537 spectata
280 2458 406 2532 humana
419 2459 566 2536 fragilitate
575 2460 767 2518 verosimilem
780 2460 878 2536 lapsus
888 2459 1068 2518 occasionem
1083 2458 1228 2536 praebebit.

143 2557 284 2618 Fomale
297 2577 314 2615 a
326 2554 360 2621 S·
372 2557 524 2636 Alphonso
537 2568 653 2617 vocatur
676 2559 776 2617 “illud
789 2556 866 2632 quod
879 2566 922 2617 est
941 2558 1072 2633 proxime
1092 2558 1227 2634 conjunc-

145 2667 199 2718 tum
213 2676 281 2717 cum
295 2644 422 2735 pedge‘to,
437 2658 475 2715 ita
485 2667 516 2715 ut
527 2657 614 2716 homo
627 2658 657 2717 in
671 2676 706 2715 eo
719 2659 888 2716 constitutus
900 2656 1079 2734 probabiliter
1087 2658 1226 2734 peccabit,

144 2758 243 2816 sivein
257 2740 406 2834 peccatum
421 2756 593 2815 consentiet:
609 2767 638 2815 et
648 2756 705 2815 hoc
718 2757 876 2833 periculum
887 2774 1001 2832 semper
1014 2755 1158 2814 vitandum
1173 2766 1226 2814 est.

144 2854 360 2934 Intelligendum
380 2865 476 2915 tamen
495 2855 562 2923 hoc,
578 2853 621 2936 (ut
637 2857 709 2914 bene
733 2854 852 2913 advertit
872 2854 965 2913 croix
978 2854 997 2912 l.
1019 2873 1047 2911 v.
1070 2874 1098 2913 ιι.
1113 2851 1186 2934 204)
1202 2857 1228 2913 si
1247 2837 1254 2844 ”

144 2955 518 3034 periculumsitconsensus,
527 2974 585 3014 non
595 2965 688 3014 autem
699 2955 839 3032 simplicis
851 2954 1022 3022 tentationis,
1033 2962 1227 3014 autmotuum.

143 3051 302 3114 Materiale
315 3071 383 3111 vero
396 3063 440 3112 est
452 3053 532 3123 illud,
547 3053 624 3128 quod
646 3074 712 3113 cum
733 3062 849 3130 peccato
868 3072 926 3112 non
946 3063 990 3111 est
1008 3055 1140 3131 proxime
1162 3073 1229 3114 oon·

141 3153 279 3227 junctum,
293 3152 345 3211 sed
364 3161 470 3212 tantum
485 3163 603 3221 remote,
617 3154 726 3212 ratione
739 3152 926 3221 necessitatis,
940 3163 968 3211 et
991 3152 1149 3214 mediorum
1165 3173 1228 3228 quae

144 3250 227 3312 homo
237 3251 355 3310 adhibet
365 3251 399 3310 ad
413 3261 562 3329 peccatum
571 3253 717 3311 vitandum
729 3269 737 3319 ;
751 3251 826 3310 unde
835 3261 901 3310 tunc
912 3251 1020 3312 accidet
1029 3253 1104 3327 quod
1114 3255 1230 3314 occasio

143 3349 175 3409 de
187 3369 218 3410 se
231 3353 270 3411 sit
289 3351 432 3427 proxima,
447 3360 476 3408 et
497 3350 655 3427 periculum
676 3360 833 3411 remotum:
855 3361 941 3428 prout
959 3353 1074 3409 evenire
1093 3361 1187 3428 potest
1199 3353 1229 3410 in

143 3449 283 3527 chirurgo,
298 3450 392 3524 quiin
405 3449 554 3512 medendis
567 3451 693 3526 partibus
707 3450 906 3510 secretioribus
919 3450 1021 3526 puellae
1034 3449 1131 3521 utique
1152 3458 1230 3507 esset

143 3547 170 3606 in
182 3551 334 3609 occasione
348 3549 479 3625 proxima
491 3547 638 3625 peccandi,
653 3549 705 3607 sed
724 3549 833 3608 ratione
846 3547 1035 3613 necessitatis,
1050 3554 1079 3604 et
1091 3544 1187 3613 officii,
1202 3546 1228 3603 si

144 3645 248 3706 debitas
269 3647 401 3706 adhibeat
419 3648 565 3706 cantiones
586 3648 697 3724 piarum
719 3647 934 3725 cogitationum,
949 3661 1075 3720 precum,
1094 3651 1229 3720 protesta-

144 3746 224 3804 tionis
238 3746 274 3805 de
288 3765 346 3805 non
359 3746 573 3814 consentiendo,
587 3747 660 3804 bene
674 3748 777 3823 poterit
789 3765 806 3802 a
818 3743 902 3819 culpa
915 3742 1062 3809 excusari;
1085 3742 1151 3814 quia
1163 3750 1228 3800 tunc

145 3843 237 3903 divina
249 3845 400 3923 adjuvante
413 3847 511 3922 gratia,
525 3844 684 3922 periculum
697 3846 730 3903 fit
738 3852 880 3902 remotum
894 3850 922 3898 et
936 3836 1129 3898 materiale.”³

280 4002 325 4069 (l)
344 4001 419 4052 Hom.
431 4016 491 4050 xxx.
502 4000 530 4052 itt
542 4001 644 4070 Evang.
849 3999 891 4064 (2)
910 3997 978 4048 Eccl.
989 3996 1023 4047 iii.
1035 4001 1077 4047 et.

569 4085 612 4152 (³)
631 4085 661 4135 L.
672 4084 704 4135 vi.
716 4101 740 4135 ιι.
752 4085 810 4134 4⁵2.
