<?xml version="1.0" encoding="UTF-8"?>
<!DOCTYPE html PUBLIC "-//W3C//DTD XHTML 1.0 Transitional//EN"
    "http://www.w3.org/TR/xhtml1/DTD/xhtml1-transitional.dtd">
<html xmlns="http://www.w3.org/1999/xhtml" xml:lang="en" lang="en">
 <head>
  <title>
</title>
<meta http-equiv="Content-Type" content="text/html;charset=utf-8" />
  <meta name='ocr-system' content='tesseract 3.04.00' />
  <meta name='ocr-capabilities' content='ocr_page ocr_carea ocr_par ocr_line ocrx_word'/>
</head>
<body>
  <div class='ocr_page' id='page_1' title='image "./theologiaemoral01kenrgoog_0113.png"; bbox 0 0 2640 4860; ppageno 0'>
   <div class='ocr_carea' id='block_1_1' title="bbox 155 357 1062 423">
    <p class='ocr_par' dir='ltr' id='par_1_1' title="bbox 155 357 1062 423">
     <span class='ocr_line' id='line_1_1' title="bbox 155 357 1062 423; baseline -0.006 0"><span class='ocrx_word' id='word_1_1' title='bbox 155 367 195 423; x_wconf 75' lang='grc'><strong>90</strong></span> <span class='ocrx_word' id='word_1_2' title='bbox 342 359 399 421; x_wconf 82' lang='lat' dir='ltr'><strong>DE</strong></span> <span class='ocrx_word' id='word_1_3' title='bbox 420 358 718 419; x_wconf 79' lang='lat' dir='ltr'><strong>SUSCEPTIONE</strong></span> <span class='ocrx_word' id='word_1_4' title='bbox 740 357 1062 420; x_wconf 77' lang='lat' dir='ltr'><strong>EUOHARISTIAE.</strong></span> 
     </span>
    </p>
   </div>
   <div class='ocr_carea' id='block_1_2' title="bbox 157 524 1254 2376">
    <p class='ocr_par' dir='ltr' id='par_1_2' title="bbox 157 524 1254 1786">
     <span class='ocr_line' id='line_1_2' title="bbox 157 524 1253 603; baseline -0.005 -18"><span class='ocrx_word' id='word_1_5' title='bbox 157 526 305 585; x_wconf 80' lang='lat' dir='ltr'><strong>Thomas:</strong></span> <span class='ocrx_word' id='word_1_6' title='bbox 329 534 417 585; x_wconf 90' lang='lat' dir='ltr'><strong>“non</strong></span> <span class='ocrx_word' id='word_1_7' title='bbox 436 544 500 583; x_wconf 90' lang='lat' dir='ltr'><strong>esse</strong></span> <span class='ocrx_word' id='word_1_8' title='bbox 520 524 729 584; x_wconf 89' lang='lat' dir='ltr'><strong>consulendum</strong></span> <span class='ocrx_word' id='word_1_9' title='bbox 748 525 843 594; x_wconf 90' lang='lat' dir='ltr'><strong>alicui,</strong></span> <span class='ocrx_word' id='word_1_10' title='bbox 863 525 941 599; x_wconf 90' lang='lat' dir='ltr'><strong>quod</strong></span> <span class='ocrx_word' id='word_1_11' title='bbox 960 527 1057 585; x_wconf 88' lang='lat' dir='ltr'><strong>statim</strong></span> <span class='ocrx_word' id='word_1_12' title='bbox 1071 534 1141 603; x_wconf 89' lang='lat' dir='ltr'><strong>post</strong></span> <span class='ocrx_word' id='word_1_13' title='bbox 1155 541 1253 601; x_wconf 87' lang='lat' dir='ltr'><strong>pecca·</strong></span> 
     </span>
     <span class='ocr_line' id='line_1_3' title="bbox 158 621 1251 694; baseline -0.003 -12"><span class='ocrx_word' id='word_1_14' title='bbox 158 636 217 683; x_wconf 93' lang='lat' dir='ltr'><strong>tum</strong></span> <span class='ocrx_word' id='word_1_15' title='bbox 231 625 361 692; x_wconf 82' lang='lat' dir='ltr'>mortale,</span> <span class='ocrx_word' id='word_1_16' title='bbox 374 625 460 684; x_wconf 87' lang='lat' dir='ltr'><strong>etiam</strong></span> <span class='ocrx_word' id='word_1_17' title='bbox 474 626 611 683; x_wconf 92' lang='lat' dir='ltr'><strong>contritus</strong></span> <span class='ocrx_word' id='word_1_18' title='bbox 632 635 662 682; x_wconf 90' lang='lat' dir='ltr'><strong>et</strong></span> <span class='ocrx_word' id='word_1_19' title='bbox 680 625 840 694; x_wconf 85' lang='lat' dir='ltr'><strong>coufessus,</strong></span> <span class='ocrx_word' id='word_1_20' title='bbox 855 624 891 683; x_wconf 88' lang='lat' dir='ltr'><strong>ad</strong></span> <span class='ocrx_word' id='word_1_21' title='bbox 904 625 1119 684; x_wconf 85' lang='lat' dir='ltr'><strong>Eucharistiam</strong></span> <span class='ocrx_word' id='word_1_22' title='bbox 1134 621 1251 681; x_wconf 87' lang='lat' dir='ltr'><strong>accede-</strong></span> 
     </span>
     <span class='ocr_line' id='line_1_4' title="bbox 158 721 1252 800; baseline -0.005 -18"><span class='ocrx_word' id='word_1_23' title='bbox 158 734 210 789; x_wconf 88' lang='lat' dir='ltr'><strong>ret,</strong></span> <span class='ocrx_word' id='word_1_24' title='bbox 224 722 275 780; x_wconf 82' lang='lat' dir='ltr'><strong>sed</strong></span> <span class='ocrx_word' id='word_1_25' title='bbox 288 723 415 792; x_wconf 77' lang='lat' dir='ltr'><strong>deberet,</strong></span> <span class='ocrx_word' id='word_1_26' title='bbox 429 726 485 782; x_wconf 90' lang='lat' dir='ltr'><strong>nisi</strong></span> <span class='ocrx_word' id='word_1_27' title='bbox 499 742 603 800; x_wconf 86' lang='lat' dir='ltr'><strong>magua</strong></span> <span class='ocrx_word' id='word_1_28' title='bbox 616 724 771 782; x_wconf 74' lang='lat' dir='ltr'><strong>necessitas</strong></span> <span class='ocrx_word' id='word_1_29' title='bbox 785 732 906 800; x_wconf 83' lang='lat' dir='ltr'><strong>urgeret,</strong></span> <span class='ocrx_word' id='word_1_30' title='bbox 927 741 980 800; x_wconf 91' lang='lat' dir='ltr'><strong>per</strong></span> <span class='ocrx_word' id='word_1_31' title='bbox 999 721 1117 796; x_wconf 79' lang='lat' dir='ltr'>aliquod</span> <span class='ocrx_word' id='word_1_32' title='bbox 1138 731 1252 797; x_wconf 88' lang='lat' dir='ltr'><strong>tempus</strong></span> 
     </span>
     <span class='ocr_line' id='line_1_5' title="bbox 158 815 1251 899; baseline -0.003 -21"><span class='ocrx_word' id='word_1_33' title='bbox 158 832 275 899; x_wconf 90' lang='lat' dir='ltr'><strong>propter</strong></span> <span class='ocrx_word' id='word_1_34' title='bbox 288 824 476 881; x_wconf 86' lang='lat' dir='ltr'><strong>reverentiam</strong></span> <span class='ocrx_word' id='word_1_35' title='bbox 491 815 680 881; x_wconf 87' lang='lat' dir='ltr'><strong>abstinere.’&#39;¹</strong></span> <span class='ocrx_word' id='word_1_36' title='bbox 721 820 866 895; x_wconf 88' lang='lat' dir='ltr'><strong>Equidem</strong></span> <span class='ocrx_word' id='word_1_37' title='bbox 887 820 1027 880; x_wconf 90' lang='lat' dir='ltr'><strong>sacerdoti</strong></span> <span class='ocrx_word' id='word_1_38' title='bbox 1040 819 1251 880; x_wconf 89' lang='lat' dir='ltr'><strong>consuetudine</strong></span> 
     </span>
     <span class='ocr_line' id='line_1_6' title="bbox 158 918 1251 999; baseline -0.003 -22"><span class='ocrx_word' id='word_1_39' title='bbox 158 920 234 978; x_wconf 89' lang='lat' dir='ltr'><strong>mala</strong></span> <span class='ocrx_word' id='word_1_40' title='bbox 246 920 324 979; x_wconf 93' lang='lat' dir='ltr'><strong>haud</strong></span> <span class='ocrx_word' id='word_1_41' title='bbox 336 923 444 980; x_wconf 91' lang='lat' dir='ltr'><strong>irretito</strong></span> <span class='ocrx_word' id='word_1_42' title='bbox 458 921 582 999; x_wconf 73' lang='lat' dir='ltr'><strong>permitti</strong></span> <span class='ocrx_word' id='word_1_43' title='bbox 597 922 697 996; x_wconf 89' lang='lat' dir='ltr'><strong>poterit</strong></span> <span class='ocrx_word' id='word_1_44' title='bbox 709 929 740 979; x_wconf 90' lang='lat' dir='ltr'><strong>ut</strong></span> <span class='ocrx_word' id='word_1_45' title='bbox 753 921 885 988; x_wconf 92' lang='lat' dir='ltr'><strong>celebret,</strong></span> <span class='ocrx_word' id='word_1_46' title='bbox 899 919 1057 979; x_wconf 90' lang='lat' dir='ltr'><strong>dummodo</strong></span> <span class='ocrx_word' id='word_1_47' title='bbox 1070 937 1139 978; x_wconf 86' lang='lat' dir='ltr'><strong>vere</strong></span> <span class='ocrx_word' id='word_1_48' title='bbox 1153 918 1251 977; x_wconf 90' lang='lat' dir='ltr'><strong>dolere</strong></span> 
     </span>
     <span class='ocr_line' id='line_1_7' title="bbox 158 1017 1254 1094; baseline -0.003 -18"><span class='ocrx_word' id='word_1_49' title='bbox 158 1017 297 1087; x_wconf 83' lang='lat' dir='ltr'><strong>videatur,</strong></span> <span class='ocrx_word' id='word_1_50' title='bbox 324 1022 436 1094; x_wconf 89' lang='lat' dir='ltr'><strong>quoties</strong></span> <span class='ocrx_word' id='word_1_51' title='bbox 463 1022 512 1077; x_wconf 88' lang='lat' dir='ltr'><strong>vix</strong></span> <span class='ocrx_word' id='word_1_52' title='bbox 532 1019 606 1076; x_wconf 88' lang='lat' dir='ltr'><strong>valet</strong></span> <span class='ocrx_word' id='word_1_53' title='bbox 625 1020 733 1091; x_wconf 81' lang='lat' dir='ltr'><strong>absque</strong></span> <span class='ocrx_word' id='word_1_54' title='bbox 760 1029 827 1077; x_wconf 89' lang='lat' dir='ltr'><strong>nota</strong></span> <span class='ocrx_word' id='word_1_55' title='bbox 852 1020 1003 1078; x_wconf 88' lang='lat' dir='ltr'><strong>abstinere.</strong></span> <span class='ocrx_word' id='word_1_56' title='bbox 1046 1017 1119 1084; x_wconf 75' lang='lat' dir='ltr'><strong>Ques</strong></span> <span class='ocrx_word' id='word_1_57' title='bbox 1146 1018 1254 1088; x_wconf 82' lang='lat' dir='ltr'><strong>absque</strong></span> 
     </span>
     <span class='ocr_line' id='line_1_8' title="bbox 158 1113 1251 1196; baseline -0.004 -21"><span class='ocrx_word' id='word_1_58' title='bbox 158 1118 244 1196; x_wconf 91' lang='lat' dir='ltr'><strong>culpa</strong></span> <span class='ocrx_word' id='word_1_59' title='bbox 266 1120 407 1196; x_wconf 83' lang='lat' dir='ltr'><strong>contingit</strong></span> <span class='ocrx_word' id='word_1_60' title='bbox 428 1118 546 1194; x_wconf 92' lang='lat' dir='ltr'><strong>pollutio</strong></span> <span class='ocrx_word' id='word_1_61' title='bbox 568 1119 596 1175; x_wconf 92' lang='lat' dir='ltr'><strong>in</strong></span> <span class='ocrx_word' id='word_1_62' title='bbox 618 1119 740 1184; x_wconf 88' lang='lat' dir='ltr'><strong>somnis,</strong></span> <span class='ocrx_word' id='word_1_63' title='bbox 762 1119 806 1176; x_wconf 85' lang='lat' dir='ltr'><strong>vel</strong></span> <span class='ocrx_word' id='word_1_64' title='bbox 829 1119 914 1176; x_wconf 86' lang='lat' dir='ltr'><strong>etiarn</strong></span> <span class='ocrx_word' id='word_1_65' title='bbox 936 1117 1024 1195; x_wconf 85' lang='lat' dir='ltr'><strong>vigili,</strong></span> <span class='ocrx_word' id='word_1_66' title='bbox 1047 1135 1106 1174; x_wconf 93' lang='lat' dir='ltr'><strong>non</strong></span> <span class='ocrx_word' id='word_1_67' title='bbox 1128 1113 1251 1192; x_wconf 90' lang='lat' dir='ltr'><strong>impedit</strong></span> 
     </span>
     <span class='ocr_line' id='line_1_9' title="bbox 158 1215 1254 1292; baseline -0.005 -17"><span class='ocrx_word' id='word_1_68' title='bbox 158 1219 403 1287; x_wconf 88' lang='lat' dir='ltr'><strong>communionem,</strong></span> <span class='ocrx_word' id='word_1_69' title='bbox 424 1219 479 1275; x_wconf 88' lang='lat' dir='ltr'><strong>uisi</strong></span> <span class='ocrx_word' id='word_1_70' title='bbox 502 1235 606 1292; x_wconf 84' lang='lat' dir='ltr'><strong>magna</strong></span> <span class='ocrx_word' id='word_1_71' title='bbox 626 1215 693 1274; x_wconf 90' lang='lat' dir='ltr'><strong>inde</strong></span> <span class='ocrx_word' id='word_1_72' title='bbox 712 1228 773 1275; x_wconf 90' lang='lat' dir='ltr'><strong>orta</strong></span> <span class='ocrx_word' id='word_1_73' title='bbox 792 1216 832 1274; x_wconf 90' lang='lat' dir='ltr'><strong>sit</strong></span> <span class='ocrx_word' id='word_1_74' title='bbox 852 1217 956 1274; x_wconf 90' lang='lat' dir='ltr'><strong>mentis</strong></span> <span class='ocrx_word' id='word_1_75' title='bbox 976 1215 1167 1292; x_wconf 86' lang='lat' dir='ltr'><strong>perturbatio:</strong></span> <span class='ocrx_word' id='word_1_76' title='bbox 1197 1231 1254 1285; x_wconf 93' lang='lat' dir='ltr'><strong>quo</strong></span> 
     </span>
     <span class='ocr_line' id='line_1_10' title="bbox 159 1312 1254 1394; baseline -0.005 -20"><span class='ocrx_word' id='word_1_77' title='bbox 159 1334 227 1374; x_wconf 85' lang='lat' dir='ltr'><strong>casu</strong></span> <span class='ocrx_word' id='word_1_78' title='bbox 251 1318 394 1394; x_wconf 90' lang='lat' dir='ltr'><strong>oportebit</strong></span> <span class='ocrx_word' id='word_1_79' title='bbox 405 1316 574 1391; x_wconf 92' lang='lat' dir='ltr'><strong>plerumque</strong></span> <span class='ocrx_word' id='word_1_80' title='bbox 594 1316 752 1374; x_wconf 88' lang='lat' dir='ltr'><strong>abstinere:</strong></span> <span class='ocrx_word' id='word_1_81' title='bbox 774 1324 794 1351; x_wconf 78' lang='lat'><strong>‘⁶</strong></span> <span class='ocrx_word' id='word_1_82' title='bbox 807 1314 874 1373; x_wconf 88' lang='lat' dir='ltr'><strong>lloc</strong></span> <span class='ocrx_word' id='word_1_83' title='bbox 896 1324 991 1373; x_wconf 88' lang='lat' dir='ltr'><strong>tamen</strong></span> <span class='ocrx_word' id='word_1_84' title='bbox 1012 1312 1254 1390; x_wconf 85' lang='lat' dir='ltr'><strong>impedimentum</strong></span> 
     </span>
     <span class='ocr_line' id='line_1_11' title="bbox 159 1413 1252 1492; baseline -0.005 -20"><span class='ocrx_word' id='word_1_85' title='bbox 159 1413 237 1488; x_wconf 92' lang='lat' dir='ltr'><strong>quod</strong></span> <span class='ocrx_word' id='word_1_86' title='bbox 250 1433 287 1473; x_wconf 86' lang='lat' dir='ltr'><strong>ex</strong></span> <span class='ocrx_word' id='word_1_87' title='bbox 300 1415 473 1492; x_wconf 77' lang='lat' dir='ltr'><strong>congruitate</strong></span> <span class='ocrx_word' id='word_1_88' title='bbox 486 1414 625 1490; x_wconf 86' lang='lat' dir='ltr'><strong>pmveuit,</strong></span> <span class='ocrx_word' id='word_1_89' title='bbox 639 1414 775 1492; x_wconf 89' lang='lat' dir='ltr'><strong>postponi</strong></span> <span class='ocrx_word' id='word_1_90' title='bbox 789 1413 872 1471; x_wconf 93' lang='lat' dir='ltr'><strong>debet</strong></span> <span class='ocrx_word' id='word_1_91' title='bbox 884 1423 1000 1490; x_wconf 88' lang='lat' dir='ltr'><strong>propter</strong></span> <span class='ocrx_word' id='word_1_92' title='bbox 1013 1414 1137 1484; x_wconf 89' lang='lat' dir='ltr'><strong>aliquam</strong></span> <span class='ocrx_word' id='word_1_93' title='bbox 1150 1428 1252 1468; x_wconf 90' lang='lat' dir='ltr'><strong>neces·</strong></span> 
     </span>
     <span class='ocr_line' id='line_1_12' title="bbox 160 1508 1252 1590; baseline -0.006 -19"><span class='ocrx_word' id='word_1_94' title='bbox 160 1515 282 1580; x_wconf 84' lang='lat' dir='ltr'><strong>ritatem,</strong></span> <span class='ocrx_word' id='word_1_95' title='bbox 296 1523 373 1589; x_wconf 93' lang='lat' dir='ltr'><strong>puta,</strong></span> <span class='ocrx_word' id='word_1_96' title='bbox 386 1522 418 1571; x_wconf 90' lang='lat' dir='ltr'><strong>ut</strong></span> <span class='ocrx_word' id='word_1_97' title='bbox 432 1512 591 1590; x_wconf 78' lang='lat' dir='ltr'><strong>Gregorius</strong></span> <span class='ocrx_word' id='word_1_98' title='bbox 605 1512 683 1579; x_wconf 90' lang='lat' dir='ltr'><strong>dicit,</strong></span> <span class='ocrx_word' id='word_1_99' title='bbox 698 1531 763 1571; x_wconf 90' lang='lat' dir='ltr'><strong>curu</strong></span> <span class='ocrx_word' id='word_1_100' title='bbox 777 1513 898 1571; x_wconf 81' lang='lat' dir='ltr'><strong>fortasse</strong></span> <span class='ocrx_word' id='word_1_101' title='bbox 912 1521 961 1569; x_wconf 90' lang='lat' dir='ltr'><strong>aut</strong></span> <span class='ocrx_word' id='word_1_102' title='bbox 970 1510 1059 1569; x_wconf 76' lang='lat' dir='ltr'><strong>festus</strong></span> <span class='ocrx_word' id='word_1_103' title='bbox 1074 1509 1136 1568; x_wconf 90' lang='lat' dir='ltr'><strong>dies</strong></span> <span class='ocrx_word' id='word_1_104' title='bbox 1150 1508 1252 1584; x_wconf 84' lang='lat' dir='ltr'><strong>exigit,</strong></span> 
     </span>
     <span class='ocr_line' id='line_1_13' title="bbox 160 1608 1252 1686; baseline -0.009 -15"><span class='ocrx_word' id='word_1_105' title='bbox 160 1623 208 1671; x_wconf 89' lang='lat' dir='ltr'><strong>eut</strong></span> <span class='ocrx_word' id='word_1_106' title='bbox 230 1611 365 1669; x_wconf 86' lang='lat' dir='ltr'><strong>exhibere</strong></span> <span class='ocrx_word' id='word_1_107' title='bbox 386 1612 578 1669; x_wconf 88' lang='lat' dir='ltr'><strong>ministerium</strong></span> <span class='ocrx_word' id='word_1_108' title='bbox 599 1628 652 1686; x_wconf 90' lang='lat' dir='ltr'><strong>pro</strong></span> <span class='ocrx_word' id='word_1_109' title='bbox 678 1629 713 1669; x_wconf 91' lang='lat' dir='ltr'><strong>eo</strong></span> <span class='ocrx_word' id='word_1_110' title='bbox 733 1610 808 1684; x_wconf 90' lang='lat' dir='ltr'><strong>quod</strong></span> <span class='ocrx_word' id='word_1_111' title='bbox 828 1610 961 1669; x_wconf 88' lang='lat' dir='ltr'><strong>sacerdos</strong></span> <span class='ocrx_word' id='word_1_112' title='bbox 986 1610 1058 1667; x_wconf 92' lang='lat' dir='ltr'><strong>alius</strong></span> <span class='ocrx_word' id='word_1_113' title='bbox 1073 1608 1166 1675; x_wconf 91' lang='lat' dir='ltr'><strong>deest,</strong></span> <span class='ocrx_word' id='word_1_114' title='bbox 1189 1608 1252 1683; x_wconf 88' lang='lat' dir='ltr'><strong>ipsa</strong></span> 
     </span>
     <span class='ocr_line' id='line_1_14' title="bbox 157 1704 809 1786; baseline -0.003 -17"><span class='ocrx_word' id='word_1_115' title='bbox 157 1711 313 1769; x_wconf 84' lang='lat' dir='ltr'><strong>necessitas</strong></span> <span class='ocrx_word' id='word_1_116' title='bbox 327 1704 525 1786; x_wconf 77' lang='lat' dir='ltr'><strong>compellit.”²</strong></span> <span class='ocrx_word' id='word_1_117' title='bbox 563 1710 607 1768; x_wconf 90' lang='lat' dir='ltr'><strong>lta</strong></span> <span class='ocrx_word' id='word_1_118' title='bbox 620 1709 652 1767; x_wconf 88' lang='lat' dir='ltr'><strong>S.</strong></span> <span class='ocrx_word' id='word_1_119' title='bbox 668 1709 809 1768; x_wconf 85' lang='lat' dir='ltr'><strong>Thomas.</strong></span> 
     </span>
    </p>

    <p class='ocr_par' dir='ltr' id='par_1_3' title="bbox 158 1804 1251 2376">
     <span class='ocr_line' id='line_1_15' title="bbox 198 1804 1251 1887; baseline -0.006 -21"><span class='ocrx_word' id='word_1_120' title='bbox 198 1812 248 1867; x_wconf 79' lang='lat'><strong>5³.</strong></span> <span class='ocrx_word' id='word_1_121' title='bbox 270 1806 385 1884; x_wconf 78' lang='lat' dir='ltr'><strong>Corpus</strong></span> <span class='ocrx_word' id='word_1_122' title='bbox 398 1828 415 1866; x_wconf 86' lang='lat' dir='ltr'><strong>a</strong></span> <span class='ocrx_word' id='word_1_123' title='bbox 428 1808 558 1868; x_wconf 88' lang='lat' dir='ltr'><strong>sordibus</strong></span> <span class='ocrx_word' id='word_1_124' title='bbox 573 1808 710 1866; x_wconf 89' lang='lat' dir='ltr'><strong>mundum</strong></span> <span class='ocrx_word' id='word_1_125' title='bbox 727 1827 791 1866; x_wconf 90' lang='lat' dir='ltr'><strong>esse</strong></span> <span class='ocrx_word' id='word_1_126' title='bbox 805 1807 896 1875; x_wconf 90' lang='lat' dir='ltr'><strong>decet,</strong></span> <span class='ocrx_word' id='word_1_127' title='bbox 916 1816 948 1865; x_wconf 91' lang='lat' dir='ltr'><strong>ut</strong></span> <span class='ocrx_word' id='word_1_128' title='bbox 966 1808 1030 1879; x_wconf 90' lang='lat' dir='ltr'><strong>quis</strong></span> <span class='ocrx_word' id='word_1_129' title='bbox 1045 1804 1079 1887; x_wconf 80' lang='lat' dir='ltr'><strong>ad</strong></span> <span class='ocrx_word' id='word_1_130' title='bbox 1093 1804 1251 1864; x_wconf 87' lang='lat' dir='ltr'><strong>Eucharis-</strong></span> 
     </span>
     <span class='ocr_line' id='line_1_16' title="bbox 158 1903 1251 1980; baseline -0.007 -14"><span class='ocrx_word' id='word_1_131' title='bbox 158 1908 227 1966; x_wconf 87' lang='lat' dir='ltr'><strong>tiam</strong></span> <span class='ocrx_word' id='word_1_132' title='bbox 239 1917 403 1967; x_wconf 85' lang='lat' dir='ltr'><strong>reverenter</strong></span> <span class='ocrx_word' id='word_1_133' title='bbox 416 1907 539 1975; x_wconf 91' lang='lat' dir='ltr'><strong>accedat,</strong></span> <span class='ocrx_word' id='word_1_134' title='bbox 555 1908 684 1980; x_wconf 89' lang='lat' dir='ltr'><strong>quamvis</strong></span> <span class='ocrx_word' id='word_1_135' title='bbox 698 1906 742 1964; x_wconf 79' lang='lat' dir='ltr'><strong>he</strong></span> <span class='ocrx_word' id='word_1_136' title='bbox 762 1926 820 1966; x_wconf 91' lang='lat' dir='ltr'><strong>non</strong></span> <span class='ocrx_word' id='word_1_137' title='bbox 840 1907 961 1974; x_wconf 91' lang='lat' dir='ltr'><strong>obstent,</strong></span> <span class='ocrx_word' id='word_1_138' title='bbox 985 1907 1010 1963; x_wconf 90' lang='lat' dir='ltr'><strong>si</strong></span> <span class='ocrx_word' id='word_1_139' title='bbox 1030 1903 1130 1963; x_wconf 85' lang='lat' dir='ltr'><strong>evitari</strong></span> <span class='ocrx_word' id='word_1_140' title='bbox 1143 1919 1251 1975; x_wconf 89' lang='lat' dir='ltr'><strong>neque-</strong></span> 
     </span>
     <span class='ocr_line' id='line_1_17' title="bbox 159 2000 1250 2082; baseline -0.007 -17"><span class='ocrx_word' id='word_1_141' title='bbox 159 2016 217 2074; x_wconf 88' lang='lat' dir='ltr'><strong>ant,</strong></span> <span class='ocrx_word' id='word_1_142' title='bbox 231 2007 278 2065; x_wconf 82' lang='lat' dir='ltr'><strong>vel</strong></span> <span class='ocrx_word' id='word_1_143' title='bbox 291 2008 361 2075; x_wconf 92' lang='lat' dir='ltr'><strong>tolli,</strong></span> <span class='ocrx_word' id='word_1_144' title='bbox 375 2009 412 2066; x_wconf 93' lang='lat' dir='ltr'><strong>ob</strong></span> <span class='ocrx_word' id='word_1_145' title='bbox 426 2007 543 2065; x_wconf 89' lang='lat' dir='ltr'><strong>nimiam</strong></span> <span class='ocrx_word' id='word_1_146' title='bbox 556 2013 762 2082; x_wconf 89' lang='lat' dir='ltr'><strong>paupertatem,</strong></span> <span class='ocrx_word' id='word_1_147' title='bbox 783 2006 829 2064; x_wconf 86' lang='lat' dir='ltr'><strong>vel</strong></span> <span class='ocrx_word' id='word_1_148' title='bbox 849 2023 964 2082; x_wconf 83' lang='lat' dir='ltr'><strong>gravem</strong></span> <span class='ocrx_word' id='word_1_149' title='bbox 978 2001 1189 2081; x_wconf 73' lang='lat' dir='ltr'><strong>egritudinem,</strong></span> <span class='ocrx_word' id='word_1_150' title='bbox 1204 2000 1250 2058; x_wconf 91' lang='lat' dir='ltr'><strong>vel</strong></span> 
     </span>
     <span class='ocr_line' id='line_1_18' title="bbox 159 2103 1248 2180; baseline -0.005 -18"><span class='ocrx_word' id='word_1_151' title='bbox 159 2107 185 2162; x_wconf 87' lang='lat' dir='ltr'><strong>si</strong></span> <span class='ocrx_word' id='word_1_152' title='bbox 211 2106 329 2163; x_wconf 82' lang='lat' dir='ltr'><strong>occultae</strong></span> <span class='ocrx_word' id='word_1_153' title='bbox 355 2107 422 2164; x_wconf 88' lang='lat' dir='ltr'><strong>sint.</strong></span> <span class='ocrx_word' id='word_1_154' title='bbox 464 2104 609 2180; x_wconf 89' lang='lat' dir='ltr'><strong>Tempore</strong></span> <span class='ocrx_word' id='word_1_155' title='bbox 636 2106 773 2162; x_wconf 89' lang='lat' dir='ltr'><strong>meustmi</strong></span> <span class='ocrx_word' id='word_1_156' title='bbox 799 2105 923 2163; x_wconf 80' lang='lat' dir='ltr'><strong>smmiuae</strong></span> <span class='ocrx_word' id='word_1_157' title='bbox 949 2103 1162 2162; x_wconf 86' lang='lat' dir='ltr'><strong>communicare</strong></span> <span class='ocrx_word' id='word_1_158' title='bbox 1189 2118 1248 2159; x_wconf 89' lang='lat' dir='ltr'><strong>non</strong></span> 
     </span>
     <span class='ocr_line' id='line_1_19' title="bbox 158 2195 1251 2280; baseline -0.003 -21"><span class='ocrx_word' id='word_1_159' title='bbox 158 2195 369 2279; x_wconf 77' lang='lat' dir='ltr'><strong>prohibentur.³</strong></span> <span class='ocrx_word' id='word_1_160' title='bbox 408 2202 544 2259; x_wconf 86' lang='lat' dir='ltr'><strong>Vestibus</strong></span> <span class='ocrx_word' id='word_1_161' title='bbox 567 2203 653 2259; x_wconf 88' lang='lat' dir='ltr'><strong>etiam</strong></span> <span class='ocrx_word' id='word_1_162' title='bbox 676 2201 773 2259; x_wconf 88' lang='lat' dir='ltr'><strong>nitidis</strong></span> <span class='ocrx_word' id='word_1_163' title='bbox 793 2202 873 2261; x_wconf 92' lang='lat' dir='ltr'><strong>indui</strong></span> <span class='ocrx_word' id='word_1_164' title='bbox 886 2210 1013 2280; x_wconf 88' lang='lat' dir='ltr'><strong>oportet;</strong></span> <span class='ocrx_word' id='word_1_165' title='bbox 1035 2202 1085 2274; x_wconf 94' lang='lat' dir='ltr'><strong>qui</strong></span> <span class='ocrx_word' id='word_1_166' title='bbox 1098 2199 1176 2259; x_wconf 89' lang='lat' dir='ltr'><strong>enim</strong></span> <span class='ocrx_word' id='word_1_167' title='bbox 1191 2217 1251 2257; x_wconf 89' lang='lat' dir='ltr'><strong>sor·</strong></span> 
     </span>
     <span class='ocr_line' id='line_1_20' title="bbox 158 2297 1250 2376; baseline -0.004 -18"><span class='ocrx_word' id='word_1_168' title='bbox 158 2297 233 2358; x_wconf 91' lang='lat' dir='ltr'><strong>didis</strong></span> <span class='ocrx_word' id='word_1_169' title='bbox 245 2308 274 2357; x_wconf 91' lang='lat' dir='ltr'><strong>et</strong></span> <span class='ocrx_word' id='word_1_170' title='bbox 285 2299 386 2357; x_wconf 88' lang='lat' dir='ltr'><strong>laceris</strong></span> <span class='ocrx_word' id='word_1_171' title='bbox 400 2299 509 2357; x_wconf 89' lang='lat' dir='ltr'><strong>accedit</strong></span> <span class='ocrx_word' id='word_1_172' title='bbox 522 2299 647 2368; x_wconf 92' lang='lat' dir='ltr'><strong>indutus,</strong></span> <span class='ocrx_word' id='word_1_173' title='bbox 668 2300 772 2359; x_wconf 89' lang='lat' dir='ltr'><strong>honori</strong></span> <span class='ocrx_word' id='word_1_174' title='bbox 785 2302 855 2360; x_wconf 88' lang='lat' dir='ltr'><strong>tanti</strong></span> <span class='ocrx_word' id='word_1_175' title='bbox 875 2302 1046 2360; x_wconf 86' lang='lat' dir='ltr'><strong>sacramenti</strong></span> <span class='ocrx_word' id='word_1_176' title='bbox 1058 2300 1143 2376; x_wconf 83' lang='lat' dir='ltr'><strong>plane</strong></span> <span class='ocrx_word' id='word_1_177' title='bbox 1157 2297 1250 2355; x_wconf 90' lang='lat' dir='ltr'><strong>deest.</strong></span> 
     </span>
    </p>
   </div>
   <div class='ocr_carea' id='block_1_3' title="bbox 158 2394 1251 2972">
    <p class='ocr_par' dir='ltr' id='par_1_4' title="bbox 158 2394 1251 2972">
     <span class='ocr_line' id='line_1_21' title="bbox 158 2394 1249 2477; baseline -0.003 -20"><span class='ocrx_word' id='word_1_178' title='bbox 158 2397 240 2458; x_wconf 88' lang='lat' dir='ltr'><strong>Idem</strong></span> <span class='ocrx_word' id='word_1_179' title='bbox 265 2396 418 2455; x_wconf 92' lang='lat' dir='ltr'><strong>dicendum</strong></span> <span class='ocrx_word' id='word_1_180' title='bbox 444 2396 480 2454; x_wconf 92' lang='lat' dir='ltr'><strong>de</strong></span> <span class='ocrx_word' id='word_1_181' title='bbox 507 2399 669 2466; x_wconf 90' lang='lat' dir='ltr'><strong>accedente,</strong></span> <span class='ocrx_word' id='word_1_182' title='bbox 695 2400 781 2458; x_wconf 89' lang='lat' dir='ltr'><strong>barba</strong></span> <span class='ocrx_word' id='word_1_183' title='bbox 809 2402 948 2477; x_wconf 84' lang='lat' dir='ltr'><strong>neglecta,</strong></span> <span class='ocrx_word' id='word_1_184' title='bbox 974 2401 1020 2458; x_wconf 86' lang='lat' dir='ltr'><strong>vel</strong></span> <span class='ocrx_word' id='word_1_185' title='bbox 1047 2394 1121 2457; x_wconf 72' lang='lat' dir='ltr'><strong>aliis</strong></span> <span class='ocrx_word' id='word_1_186' title='bbox 1148 2415 1249 2474; x_wconf 88' lang='lat' dir='ltr'><strong>parum</strong></span> 
     </span>
     <span class='ocr_line' id='line_1_22' title="bbox 158 2495 1251 2576; baseline -0.005 -19"><span class='ocrx_word' id='word_1_187' title='bbox 158 2507 291 2574; x_wconf 86' lang='lat' dir='ltr'><strong>compt0;</strong></span> <span class='ocrx_word' id='word_1_188' title='bbox 312 2514 367 2554; x_wconf 90' lang='lat' dir='ltr'><strong>nee</strong></span> <span class='ocrx_word' id='word_1_189' title='bbox 386 2505 480 2554; x_wconf 90' lang='lat' dir='ltr'><strong>tamen</strong></span> <span class='ocrx_word' id='word_1_190' title='bbox 500 2496 582 2555; x_wconf 91' lang='lat' dir='ltr'><strong>decet</strong></span> <span class='ocrx_word' id='word_1_191' title='bbox 594 2499 713 2557; x_wconf 93' lang='lat' dir='ltr'><strong>nimiam</strong></span> <span class='ocrx_word' id='word_1_192' title='bbox 732 2498 899 2576; x_wconf 86' lang='lat' dir='ltr'><strong>elegantiam</strong></span> <span class='ocrx_word' id='word_1_193' title='bbox 915 2497 1058 2556; x_wconf 82' lang='lat' dir='ltr'><strong>affectare.</strong></span> <span class='ocrx_word' id='word_1_194' title='bbox 1100 2495 1251 2555; x_wconf 81' lang='lat' dir='ltr'><strong>Convenit</strong></span> 
     </span>
     <span class='ocr_line' id='line_1_23' title="bbox 158 2596 1248 2675; baseline -0.005 -19"><span class='ocrx_word' id='word_1_195' title='bbox 158 2597 303 2674; x_wconf 89' lang='lat' dir='ltr'><strong>deponere</strong></span> <span class='ocrx_word' id='word_1_196' title='bbox 317 2615 395 2655; x_wconf 87' lang='lat' dir='ltr'><strong>arma</strong></span> <span class='ocrx_word' id='word_1_197' title='bbox 416 2605 480 2654; x_wconf 89' lang='lat' dir='ltr'><strong>ante</strong></span> <span class='ocrx_word' id='word_1_198' title='bbox 501 2598 743 2665; x_wconf 91' lang='lat' dir='ltr'><strong>communionem,</strong></span> <span class='ocrx_word' id='word_1_199' title='bbox 753 2599 894 2671; x_wconf 59' lang='lat' dir='ltr'><strong>,quamvis</strong></span> <span class='ocrx_word' id='word_1_200' title='bbox 910 2598 972 2675; x_wconf 89' lang='lat' dir='ltr'><strong>lege</strong></span> <span class='ocrx_word' id='word_1_201' title='bbox 986 2616 1043 2656; x_wconf 91' lang='lat' dir='ltr'><strong>non</strong></span> <span class='ocrx_word' id='word_1_202' title='bbox 1054 2596 1248 2673; x_wconf 71' lang='lat' dir='ltr'><strong>precipiatur.</strong></span> 
     </span>
     <span class='ocr_line' id='line_1_24' title="bbox 158 2693 1247 2773; baseline -0.004 -19"><span class='ocrx_word' id='word_1_203' title='bbox 158 2696 299 2756; x_wconf 84' lang='lat' dir='ltr'><strong>Sacerdos</strong></span> <span class='ocrx_word' id='word_1_204' title='bbox 313 2697 454 2764; x_wconf 91' lang='lat' dir='ltr'><strong>infirmus,</strong></span> <span class='ocrx_word' id='word_1_205' title='bbox 468 2697 514 2754; x_wconf 88' lang='lat' dir='ltr'><strong>vel</strong></span> <span class='ocrx_word' id='word_1_206' title='bbox 524 2693 593 2756; x_wconf 74' lang='lat' dir='ltr'><strong>alias</strong></span> <span class='ocrx_word' id='word_1_207' title='bbox 607 2696 759 2773; x_wconf 91' lang='lat' dir='ltr'><strong>impeditus</strong></span> <span class='ocrx_word' id='word_1_208' title='bbox 773 2717 789 2755; x_wconf 90' lang='lat' dir='ltr'><strong>a</strong></span> <span class='ocrx_word' id='word_1_209' title='bbox 802 2697 999 2764; x_wconf 86' lang='lat' dir='ltr'><strong>celebratione,</strong></span> <span class='ocrx_word' id='word_1_210' title='bbox 1010 2695 1247 2754; x_wconf 88' lang='lat' dir='ltr'><strong>communionem</strong></span> 
     </span>
     <span class='ocr_line' id='line_1_25' title="bbox 158 2790 1248 2873; baseline -0.002 -21"><span class='ocrx_word' id='word_1_211' title='bbox 158 2790 292 2871; x_wconf 84' lang='lat' dir='ltr'><strong>suscipit⁴</strong></span> <span class='ocrx_word' id='word_1_212' title='bbox 305 2797 378 2854; x_wconf 92' lang='lat' dir='ltr'><strong>stola</strong></span> <span class='ocrx_word' id='word_1_213' title='bbox 390 2796 523 2855; x_wconf 84' lang='lat' dir='ltr'><strong>indutus:</strong></span> <span class='ocrx_word' id='word_1_214' title='bbox 547 2794 622 2870; x_wconf 91' lang='lat' dir='ltr'><strong>quod</strong></span> <span class='ocrx_word' id='word_1_215' title='bbox 639 2797 722 2854; x_wconf 91' lang='lat' dir='ltr'><strong>etiam</strong></span> <span class='ocrx_word' id='word_1_216' title='bbox 743 2816 759 2853; x_wconf 88' lang='lat' dir='ltr'><strong>a</strong></span> <span class='ocrx_word' id='word_1_217' title='bbox 779 2814 922 2873; x_wconf 90' lang='lat' dir='ltr'><strong>suspenso</strong></span> <span class='ocrx_word' id='word_1_218' title='bbox 942 2794 1052 2853; x_wconf 91' lang='lat' dir='ltr'><strong>videtur</strong></span> <span class='ocrx_word' id='word_1_219' title='bbox 1064 2792 1248 2859; x_wconf 87' lang='lat' dir='ltr'><strong>servandum,</strong></span> 
     </span>
     <span class='ocr_line' id='line_1_26' title="bbox 158 2893 828 2972; baseline 0.001 -21"><span class='ocrx_word' id='word_1_220' title='bbox 158 2894 214 2952; x_wconf 90' lang='lat' dir='ltr'><strong>nisi</strong></span> <span class='ocrx_word' id='word_1_221' title='bbox 228 2893 392 2954; x_wconf 83' lang='lat' dir='ltr'><strong>scandalum</strong></span> <span class='ocrx_word' id='word_1_222' title='bbox 405 2894 471 2954; x_wconf 90' lang='lat' dir='ltr'><strong>iude</strong></span> <span class='ocrx_word' id='word_1_223' title='bbox 484 2897 621 2955; x_wconf 88' lang='lat' dir='ltr'><strong>oriturum</strong></span> <span class='ocrx_word' id='word_1_224' title='bbox 635 2893 828 2972; x_wconf 78' lang='lat' dir='ltr'><strong>prevideatur.</strong></span> 
     </span>
    </p>
   </div>
   <div class='ocr_carea' id='block_1_4' title="bbox 546 3149 856 3224">
    <p class='ocr_par' dir='ltr' id='par_1_5' title="bbox 546 3149 856 3224">
     <span class='ocr_line' id='line_1_27' title="bbox 546 3149 856 3224; baseline 0.003 -16"><span class='ocrx_word' id='word_1_225' title='bbox 546 3152 561 3224; x_wconf 90' lang='lat'>§</span> <span class='ocrx_word' id='word_1_226' title='bbox 582 3150 635 3208; x_wconf 91' lang='lat' dir='ltr'><strong>IV.</strong></span> <span class='ocrx_word' id='word_1_227' title='bbox 657 3149 705 3208; x_wconf 83' lang='lat' dir='ltr'><strong>Da</strong></span> <span class='ocrx_word' id='word_1_228' title='bbox 725 3169 856 3209; x_wconf 71' lang='lat' dir='ltr'><strong>curuum.</strong></span> 
     </span>
    </p>
   </div>
   <div class='ocr_carea' id='block_1_5' title="bbox 96 3327 1252 3998">
    <p class='ocr_par' dir='ltr' id='par_1_6' title="bbox 96 3327 1252 3998">
     <span class='ocr_line' id='line_1_28' title="bbox 197 3327 1250 3409; baseline 0 -24"><span class='ocrx_word' id='word_1_229' title='bbox 197 3333 246 3385; x_wconf 85' lang='lat'><strong>54.</strong></span> <span class='ocrx_word' id='word_1_230' title='bbox 267 3327 416 3404; x_wconf 88' lang='lat' dir='ltr'><strong>Jejunium</strong></span> <span class='ocrx_word' id='word_1_231' title='bbox 438 3330 571 3398; x_wconf 91' lang='lat' dir='ltr'><strong>naturale,</strong></span> <span class='ocrx_word' id='word_1_232' title='bbox 592 3332 626 3388; x_wconf 91' lang='lat' dir='ltr'><strong>ab</strong></span> <span class='ocrx_word' id='word_1_233' title='bbox 653 3333 733 3389; x_wconf 92' lang='lat' dir='ltr'><strong>omni</strong></span> <span class='ocrx_word' id='word_1_234' title='bbox 753 3351 868 3409; x_wconf 89' lang='lat' dir='ltr'><strong>prorsus</strong></span> <span class='ocrx_word' id='word_1_235' title='bbox 892 3333 967 3401; x_wconf 89' lang='lat' dir='ltr'><strong>cibo,</strong></span> <span class='ocrx_word' id='word_1_236' title='bbox 989 3331 1035 3388; x_wconf 91' lang='lat' dir='ltr'><strong>vel</strong></span> <span class='ocrx_word' id='word_1_237' title='bbox 1058 3341 1138 3407; x_wconf 91' lang='lat' dir='ltr'><strong>potu,</strong></span> <span class='ocrx_word' id='word_1_238' title='bbox 1164 3328 1250 3385; x_wconf 90' lang='lat' dir='ltr'><strong>etiam</strong></span> 
     </span>
     <span class='ocr_line' id='line_1_29' title="bbox 96 3424 1249 3503; baseline -0.001 -20"><span class='ocrx_word' id='word_1_239' title='bbox 96 3473 102 3483; x_wconf 71' lang='lat'><strong>.</strong></span> <span class='ocrx_word' id='word_1_240' title='bbox 156 3427 245 3483; x_wconf 89' lang='lat' dir='ltr'><strong>instar</strong></span> <span class='ocrx_word' id='word_1_241' title='bbox 258 3424 418 3494; x_wconf 85' lang='lat' dir='ltr'><strong>medicinae,</strong></span> <span class='ocrx_word' id='word_1_242' title='bbox 439 3426 562 3484; x_wconf 89' lang='lat' dir='ltr'><strong>amedia</strong></span> <span class='ocrx_word' id='word_1_243' title='bbox 576 3439 657 3486; x_wconf 91' lang='lat' dir='ltr'><strong>noete</strong></span> <span class='ocrx_word' id='word_1_244' title='bbox 672 3448 763 3502; x_wconf 90' lang='lat' dir='ltr'><strong>usque</strong></span> <span class='ocrx_word' id='word_1_245' title='bbox 784 3430 819 3488; x_wconf 87' lang='lat' dir='ltr'><strong>ad</strong></span> <span class='ocrx_word' id='word_1_246' title='bbox 842 3431 1054 3489; x_wconf 87' lang='lat' dir='ltr'><strong>Eucharistiam</strong></span> <span class='ocrx_word' id='word_1_247' title='bbox 1074 3436 1249 3503; x_wconf 87' lang='lat' dir='ltr'><strong>susceptam,</strong></span> 
     </span>
     <span class='ocr_line' id='line_1_30' title="bbox 157 3524 1249 3602; baseline -0.004 -20"><span class='ocrx_word' id='word_1_248' title='bbox 157 3524 315 3601; x_wconf 85' lang='lat' dir='ltr'><strong>injungitur</strong></span> <span class='ocrx_word' id='word_1_249' title='bbox 327 3524 446 3582; x_wconf 91' lang='lat' dir='ltr'><strong>omnino</strong></span> <span class='ocrx_word' id='word_1_250' title='bbox 460 3544 496 3582; x_wconf 91' lang='lat' dir='ltr'><strong>ex</strong></span> <span class='ocrx_word' id='word_1_251' title='bbox 511 3527 716 3585; x_wconf 89' lang='lat' dir='ltr'><strong>consuetudine</strong></span> <span class='ocrx_word' id='word_1_252' title='bbox 730 3529 937 3601; x_wconf 89' lang='lat' dir='ltr'><strong>antiquissima,</strong></span> <span class='ocrx_word' id='word_1_253' title='bbox 953 3547 1016 3602; x_wconf 87' lang='lat' dir='ltr'><strong>quae</strong></span> <span class='ocrx_word' id='word_1_254' title='bbox 1031 3527 1065 3584; x_wconf 91' lang='lat' dir='ltr'><strong>ad</strong></span> <span class='ocrx_word' id='word_1_255' title='bbox 1080 3524 1249 3602; x_wconf 84' lang='lat' dir='ltr'><strong>Apostolos,</strong></span> 
     </span>
     <span class='ocr_line' id='line_1_31' title="bbox 158 3623 1251 3702; baseline -0.003 -21"><span class='ocrx_word' id='word_1_256' title='bbox 158 3623 266 3702; x_wconf 82' lang='lat' dir='ltr'><strong>Spiritu</strong></span> <span class='ocrx_word' id='word_1_257' title='bbox 289 3623 397 3681; x_wconf 88' lang='lat' dir='ltr'><strong>Sancto</strong></span> <span class='ocrx_word' id='word_1_258' title='bbox 418 3634 540 3692; x_wconf 90' lang='lat' dir='ltr'><strong>auctore,</strong></span> <span class='ocrx_word' id='word_1_259' title='bbox 562 3624 662 3683; x_wconf 87' lang='lat' dir='ltr'><strong>meritd</strong></span> <span class='ocrx_word' id='word_1_260' title='bbox 683 3626 809 3685; x_wconf 78' lang='lat' dir='ltr'><strong>refertur.</strong></span> <span class='ocrx_word' id='word_1_261' title='bbox 853 3625 1067 3700; x_wconf 80' lang='lat' dir='ltr'><strong>“Numquid”</strong></span> <span class='ocrx_word' id='word_1_262' title='bbox 1084 3624 1180 3697; x_wconf 90' lang='lat' dir='ltr'><strong>inquit</strong></span> <span class='ocrx_word' id='word_1_263' title='bbox 1193 3623 1251 3680; x_wconf 87' lang='lat' dir='ltr'><strong>Au·</strong></span> 
     </span>
     <span class='ocr_line' id='line_1_32' title="bbox 157 3721 1251 3802; baseline -0.004 -20"><span class='ocrx_word' id='word_1_264' title='bbox 157 3726 298 3802; x_wconf 84' lang='lat' dir='ltr'><strong>gustinus,</strong></span> <span class='ocrx_word' id='word_1_265' title='bbox 314 3731 333 3760; x_wconf 74' lang='lat'><strong>‘⁶</strong></span> <span class='ocrx_word' id='word_1_266' title='bbox 343 3732 492 3801; x_wconf 87' lang='lat' dir='ltr'><strong>propterea</strong></span> <span class='ocrx_word' id='word_1_267' title='bbox 506 3722 735 3783; x_wconf 86' lang='lat' dir='ltr'><strong>calumniandum</strong></span> <span class='ocrx_word' id='word_1_268' title='bbox 757 3734 800 3783; x_wconf 90' lang='lat' dir='ltr'><strong>est</strong></span> <span class='ocrx_word' id='word_1_269' title='bbox 819 3727 960 3784; x_wconf 75' lang='lat' dir='ltr'><strong>universa</strong></span> <span class='ocrx_word' id='word_1_270' title='bbox 975 3725 1128 3792; x_wconf 80' lang='lat' dir='ltr'><strong>Ecclesiae,</strong></span> <span class='ocrx_word' id='word_1_271' title='bbox 1146 3721 1251 3795; x_wconf 91' lang='lat' dir='ltr'><strong>quoda</strong></span> 
     </span>
     <span class='ocr_line' id='line_1_33' title="bbox 152 3823 1252 3902; baseline -0.006 -20"><span class='ocrx_word' id='word_1_272' title='bbox 152 3824 261 3902; x_wconf 84' lang='lat' dir='ltr'><strong>jejunis</strong></span> <span class='ocrx_word' id='word_1_273' title='bbox 275 3842 389 3901; x_wconf 90' lang='lat' dir='ltr'><strong>semper</strong></span> <span class='ocrx_word' id='word_1_274' title='bbox 403 3823 560 3898; x_wconf 70' lang='lat' dir='ltr'><strong>accipitur?</strong></span> <span class='ocrx_word' id='word_1_275' title='bbox 601 3823 650 3882; x_wconf 85' lang='lat' dir='ltr'><strong>Ex</strong></span> <span class='ocrx_word' id='word_1_276' title='bbox 674 3825 729 3883; x_wconf 92' lang='lat' dir='ltr'><strong>hoc</strong></span> <span class='ocrx_word' id='word_1_277' title='bbox 742 3825 818 3882; x_wconf 90' lang='lat' dir='ltr'><strong>enim</strong></span> <span class='ocrx_word' id='word_1_278' title='bbox 833 3825 939 3901; x_wconf 89' lang='lat' dir='ltr'><strong>placuit</strong></span> <span class='ocrx_word' id='word_1_279' title='bbox 952 3824 1071 3900; x_wconf 90' lang='lat' dir='ltr'><strong>Spiritui</strong></span> <span class='ocrx_word' id='word_1_280' title='bbox 1086 3825 1207 3887; x_wconf 91' lang='lat' dir='ltr'><strong>Sancto,</strong></span> <span class='ocrx_word' id='word_1_281' title='bbox 1222 3828 1252 3877; x_wconf 90' lang='lat' dir='ltr'><strong>ut</strong></span> 
     </span>
     <span class='ocr_line' id='line_1_34' title="bbox 156 3921 1250 3998; baseline -0.004 -19"><span class='ocrx_word' id='word_1_282' title='bbox 156 3923 339 3984; x_wconf 90' lang='lat' dir='ltr'><strong>inhonorem</strong></span> <span class='ocrx_word' id='word_1_283' title='bbox 366 3923 435 3983; x_wconf 88' lang='lat' dir='ltr'><strong>tanti</strong></span> <span class='ocrx_word' id='word_1_284' title='bbox 455 3924 632 3991; x_wconf 89' lang='lat' dir='ltr'><strong>sacramenti,</strong></span> <span class='ocrx_word' id='word_1_285' title='bbox 660 3924 688 3981; x_wconf 94' lang='lat' dir='ltr'><strong>in</strong></span> <span class='ocrx_word' id='word_1_286' title='bbox 716 3943 748 3982; x_wconf 90' lang='lat' dir='ltr'><strong>os</strong></span> <span class='ocrx_word' id='word_1_287' title='bbox 773 3923 932 3980; x_wconf 83' lang='lat' dir='ltr'><strong>Christiani</strong></span> <span class='ocrx_word' id='word_1_288' title='bbox 952 3923 1031 3998; x_wconf 92' lang='lat' dir='ltr'><strong>prius</strong></span> <span class='ocrx_word' id='word_1_289' title='bbox 1058 3921 1250 3980; x_wconf 90' lang='lat' dir='ltr'><strong>Dominicum</strong></span> 
     </span>
    </p>
   </div>
   <div class='ocr_carea' id='block_1_6' title="bbox 190 4124 1218 4363">
    <p class='ocr_par' dir='ltr' id='par_1_7' title="bbox 190 4124 1218 4363">
     <span class='ocr_line' id='line_1_35' title="bbox 190 4124 750 4190; baseline 0.002 -16"><span class='ocrx_word' id='word_1_290' title='bbox 190 4124 235 4188; x_wconf 86' lang='grc'><strong>(1)</strong></span> <span class='ocrx_word' id='word_1_291' title='bbox 254 4124 285 4174; x_wconf 89' lang='lat' dir='ltr'><strong>In</strong></span> <span class='ocrx_word' id='word_1_292' title='bbox 295 4127 327 4174; x_wconf 85' lang='lat' dir='ltr'><strong>iv.</strong></span> <span class='ocrx_word' id='word_1_293' title='bbox 335 4126 390 4175; x_wconf 90' lang='lat' dir='ltr'><strong>dist.</strong></span> <span class='ocrx_word' id='word_1_294' title='bbox 400 4126 432 4175; x_wconf 85' lang='lat' dir='ltr'><strong>vi.</strong></span> <span class='ocrx_word' id='word_1_295' title='bbox 444 4143 484 4190; x_wconf 88' lang='lat' dir='ltr'><strong>qu.</strong></span> <span class='ocrx_word' id='word_1_296' title='bbox 497 4128 512 4178; x_wconf 93' lang='lat' dir='ltr'><strong>i.</strong></span> <span class='ocrx_word' id='word_1_297' title='bbox 525 4145 546 4178; x_wconf 85' lang='lat' dir='ltr'><strong>a.</strong></span> <span class='ocrx_word' id='word_1_298' title='bbox 558 4127 590 4176; x_wconf 87' lang='lat' dir='ltr'><strong>iv.</strong></span> <span class='ocrx_word' id='word_1_299' title='bbox 601 4143 641 4190; x_wconf 90' lang='lat' dir='ltr'><strong>qu.</strong></span> <span class='ocrx_word' id='word_1_300' title='bbox 653 4126 678 4177; x_wconf 89' lang='lat' dir='ltr'><strong>ii.</strong></span> <span class='ocrx_word' id='word_1_301' title='bbox 690 4127 720 4177; x_wconf 87' lang='lat' dir='ltr'><strong>ad</strong></span> <span class='ocrx_word' id='word_1_302' title='bbox 728 4127 750 4176; x_wconf 73' lang='lat'><strong>2.</strong></span> 
     </span>
     <span class='ocr_line' id='line_1_36' title="bbox 192 4208 1218 4276; baseline 0.008 -22"><span class='ocrx_word' id='word_1_303' title='bbox 192 4208 235 4273; x_wconf 78' lang='lat'><strong>(2)</strong></span> <span class='ocrx_word' id='word_1_304' title='bbox 254 4208 289 4256; x_wconf 90' lang='lat' dir='ltr'><strong>iii.</strong></span> <span class='ocrx_word' id='word_1_305' title='bbox 299 4223 322 4272; x_wconf 92' lang='lat' dir='ltr'><strong>p.</strong></span> <span class='ocrx_word' id='word_1_306' title='bbox 334 4224 375 4271; x_wconf 87' lang='lat' dir='ltr'><strong>qu.</strong></span> <span class='ocrx_word' id='word_1_307' title='bbox 386 4210 455 4259; x_wconf 84' lang='lat' dir='ltr'><strong>lxxx.</strong></span> <span class='ocrx_word' id='word_1_308' title='bbox 467 4219 510 4261; x_wconf 84' lang='lat' dir='ltr'><strong>art.</strong></span> <span class='ocrx_word' id='word_1_309' title='bbox 523 4212 563 4260; x_wconf 87' lang='lat' dir='ltr'><strong>vii.</strong></span> <span class='ocrx_word' id='word_1_310' title='bbox 746 4211 788 4276; x_wconf 81' lang='lat'><strong>(³)</strong></span> <span class='ocrx_word' id='word_1_311' title='bbox 808 4209 834 4257; x_wconf 87' lang='lat' dir='ltr'><strong>S.</strong></span> <span class='ocrx_word' id='word_1_312' title='bbox 847 4209 921 4272; x_wconf 82' lang='lat' dir='ltr'><strong>Greg.</strong></span> <span class='ocrx_word' id='word_1_313' title='bbox 940 4210 988 4275; x_wconf 87' lang='lat' dir='ltr'><strong>Ep.</strong></span> <span class='ocrx_word' id='word_1_314' title='bbox 1004 4211 1034 4260; x_wconf 87' lang='lat' dir='ltr'><strong>ad</strong></span> <span class='ocrx_word' id='word_1_315' title='bbox 1043 4210 1218 4272; x_wconf 85' lang='lat' dir='ltr'><strong>Augustinam.</strong></span> 
     </span>
     <span class='ocr_line' id='line_1_37' title="bbox 526 4294 874 4363; baseline 0.006 -20"><span class='ocrx_word' id='word_1_316' title='bbox 526 4298 568 4363; x_wconf 76' lang='grc'><strong>(4)</strong></span> <span class='ocrx_word' id='word_1_317' title='bbox 588 4296 612 4343; x_wconf 85' lang='lat' dir='ltr'><strong>S.</strong></span> <span class='ocrx_word' id='word_1_318' title='bbox 627 4296 701 4363; x_wconf 86' lang='lat' dir='ltr'><strong>Alph.</strong></span> <span class='ocrx_word' id='word_1_319' title='bbox 713 4296 728 4347; x_wconf 92' lang='lat' dir='ltr'><strong>l.</strong></span> <span class='ocrx_word' id='word_1_320' title='bbox 741 4294 771 4342; x_wconf 86' lang='lat' dir='ltr'><strong>vi.</strong></span> <span class='ocrx_word' id='word_1_321' title='bbox 783 4310 808 4347; x_wconf 82' lang='lat' dir='ltr'><strong>n·</strong></span> <span class='ocrx_word' id='word_1_322' title='bbox 817 4297 874 4345; x_wconf 78' lang='grc'><strong>276.</strong></span> 
     </span>
    </p>
   </div>
   <div class='ocr_carea' id='block_1_7' title="bbox 0 0 1325 4860">
    <p class='ocr_par' dir='ltr' id='par_1_8' title="bbox 0 0 1325 4860">
     <span class='ocr_line' id='line_1_38' title="bbox 0 0 1325 4860; baseline 0 0"><span class='ocrx_word' id='word_1_323' title='bbox 0 0 1325 4860; x_wconf 95' lang='lat' dir='ltr'><strong> </strong></span> 
     </span>
    </p>
   </div>
  </div>
 </body>
</html>
