2640 4860
387 392 444 453 DE
467 390 938 451 Nnrunnnrn‘rnlmonll.
1147 399 1206 456 803

113 558 270 647 contigisse
282 557 368 616 refert
389 558 484 636 Lugo,
498 567 634 637 regnante
655 558 774 619 Urbano
788 558 884 627 vnn,
899 559 949 632 qui
961 560 1034 618 Inter
1053 563 1208 622 sententias

113 652 276 733 probabiles
291 657 487 734 theologorum
499 677 572 731 quos
583 660 737 728 consuluit,
745 678 794 718 eas
805 676 868 732 quae
882 657 962 716 Indis
976 659 1067 735 magis
1081 659 1207 720 faverent

112 767 277 815 secuturum
292 774 324 813 se
344 757 507 826 declaravit,
521 768 553 816 nt
565 759 600 816 iis
621 759 714 830 quiin
733 758 904 836 regionibus·
918 758 1098 830 Paraquariae
1112 779 1206 819 versa·
1263 802 1267 813 ,

112 855 216 914 bantur
228 855 263 914 de
277 856 465 915 matrimoniis
479 857 509 915 in
521 855 686 916 infidelitate
700 858 850 916 contractis
864 852 1056 915 consuleret.²

153 960 204 1013 52.
226 954 350 1021 Quando
383 955 499 1014 dubium
526 965 570 1014 est
591 954 727 1037 foetum,
754 955 826 1014 adeo
851 964 883 1013 ut
908 955 1052 1032 probabile
1075 957 1114 1013 sit
1145 976 1206 1017 rem

111 1055 244 1112 evenisse
258 1054 304 1112 cui
317 1054 475 1113 adnectitur
488 1054 735 1132 impedimentum,
745 1065 797 1113 ete
808 1065 905 1113 contra
919 1055 1064 1132 probabile
1078 1054 1208 1115 videatur

111 1170 176 1211 eam
189 1172 248 1212 non
262 1154 404 1221 evenisse,
419 1164 486 1212 tunc
500 1155 633 1213 Ecclesia
646 1173 704 1214 non
719 1165 813 1232 potest
825 1156 937 1212 censeri
956 1153 1203 1231 impedimentum,

111 1252 137 1308 si
151 1252 224 1311 forte
238 1251 321 1320 adsit,
342 1253 450 1320 tollere,
466 1255 533 1325 quia
552 1254 682 1330 plerique
701 1253 832 1313 doctores
852 1272 911 1312 non
932 1252 1072 1311 affirmant
1091 1254 1206 1312 hancei
1284 1236 1289 1247 ’

111 1369 177 1408 esse
197 1361 341 1419 mentem3
368 1352 535 1429 etproinde
556 1354 708 1421 nonlicet,
730 1352 901 1412 dubitatione
928 1363 1068 1421 manente,
1090 1355 1204 1429 nuptias

110 1451 300 1509 contrahere:
321 1470 387 1510 nam
407 1455 578 1511 sacramenti
592 1453 671 1511 valor
684 1464 760 1511 esset
773 1453 887 1512 dubius.
928 1453 1062 1511 Attamen
1075 1465 1142 1511 snut
1154 1454 1204 1525 qui
1299 1454 1304 1461 “

111 1549 211 1609 dicunt
224 1551 452 1627 propositionem
467 1570 530 1624 qnae
543 1553 665 1610 vetatuti
678 1553 813 1629 opinione
828 1552 969 1628 probabili
982 1553 1012 1610 in
1025 1551 1202 1610 administra·

110 1650 189 1708 tione
198 1660 438 1708 sacramentorum
453 1650 615 1709 damnatam
628 1670 692 1709 esse
702 1653 858 1728 praesertim
873 1651 910 1709 ob
922 1651 1054 1729 injuriam
1064 1652 1203 1727 recipien-

111 1749 188 1806 tibus
202 1748 389 1816 iulerendam,
403 1750 574 1809 incertaillis
587 1750 797 1828 suppeditando
810 1748 955 1809 subsidia:
977 1749 1027 1823 qui
1040 1749 1147 1809 idcirco
1161 1749 1203 1808 di·

111 1858 179 1907 cunt
191 1849 222 1906 io
235 1847 288 1906 bac
301 1867 394 1906 rerum
409 1849 572 1908 conditione
585 1849 672 1908 licere
692 1849 830 1926 probabili
843 1851 979 1925 opinione
989 1848 1025 1907 de
1039 1849 1113 1908 lacto
1126 1847 1202 1907 hand

111 1947 283 2005 subsistente
291 1949 341 2016 uti,
351 1948 725 2008 utconsnlaturutilitatibus
734 1949 915 2024 suscipientis
924 1949 1203 2020 sacramentum‚qni

111 2056 208 2104 tamen
221 2045 381 2105 monendus
394 2058 448 2116 est,
459 2067 495 2106 ne
509 2048 723 2107 incommodum
732 2047 799 2106 inde
812 2048 942 2124 patiatur.
965 2046 1121 2113 “Quodsi
1135 2044 1200 2104 verd

111 2143 232 2224 (addunt
244 2146 375 2205 Sanchez
390 2156 419 2204 et
439 2144 584 2225 Cardena)
598 2149 627 2205 in
648 2148 695 2209 nli
708 2147 796 2205 dubio
816 2147 1000 2223 praesumptio
1018 2155 1133 2225 urgeret
1150 2163 1202 2222 pro

110 2243 329 2320 impedimento,
344 2258 374 2304 et
382 2246 459 2304 nulla
472 2256 548 2303 esset
561 2248 745 2323 presumptio
759 2265 812 2323 pro
825 2246 904 2304 illius
918 2245 1051 2314 carentia,
1064 2265 1102 2303 v:
1124 2263 1162 2322 g:
1177 2245 1203 2304 si

110 2344 154 2402 vir
167 2344 277 2413 coierit,
292 2354 321 2403 et
334 2356 433 2421 postea
446 2344 556 2403 dubitet
569 2364 605 2402 an
618 2346 776 2412 seminarit,
787 2345 878 2404 velan
891 2345 964 2404 intra
977 2363 1038 2415 vas,
1051 2331 1100 2404 aut
1112 2353 1202 2411 extra,

109 2453 178 2501 tunc
192 2444 376 2520 presumptio
389 2454 450 2502 orta
463 2462 499 2501 ex
513 2445 703 2503 communiter
714 2445 946 2522 contingentibus
960 2455 1003 2501 est
1016 2462 1069 2520 pro
1082 2441 1203 2519 impodi-

109 2551 219 2609 mento,
239 2551 268 2599 et
287 2541 498 2619 impediendum
519 2553 563 2600 est
581 2544 803 2602 matrimonium.
845 2542 937 2600 Secus
957 2552 1062 2608 autem,
1083 2544 1108 2600 si
1128 2539 1203 2598 adsit

109 2640 297 2718 praesumptio
320 2642 349 2699 in
369 2642 551 2708 contrarium,
574 2651 606 2700 nt
625 2644 650 2699 si
671 2643 713 2699 vir
733 2641 916 2701 seminaverit
935 2657 1026 2715 propo
1046 2656 1112 2706 νου
1133 2647 1217 2696 tunc·

108 2739 188 2798 enim
203 2737 247 2819 (ut
260 2740 298 2797 ait
311 2736 456 2818 Sanchez)
471 2741 572 2816 procul
585 2738 673 2799 dubio
685 2742 792 2815 nuptie
806 2737 934 2797 contrabi
948 2732 1121 2813 possunt.’'²

151 2841 202 2896 53.
224 2837 258 2897 In
278 2838 490 2914 impedimentis
511 2838 682 2913 dubiisque
698 2839 772 2916 juris
785 2847 853 2895 snut
870 2835 1056 2895 ecclesiastici
1070 2835 1201 2912 episcopi
1282 2822 1286 2829 ⁵

109 2945 263 2996 censentur
275 2936 457 3013 probabiliter
470 2956 557 3014 posse
569 2938 746 3015 dispensare,
768 2937 835 3009 quia
856 2934 992 2995 Pontifex
1012 2953 1072 2993 non
1090 2931 1201 2992 videtur

108 3037 235 3095 voluisse
249 3036 304 3094 sibi
319 3055 463 3095 reservare
481 3038 537 3094 nisi
559 3047 650 3096 certos
669 3055 763 3104 casus,
780 3045 809 3093 et
825 3033 1010 3111 dispensandi
1027 3030 1196 3105 necessitas,
1294 3080 1297 3084 a

108 3145 209 3212 utpote
222 3133 332 3204 odiosa,
346 3145 390 3193 est
402 3135 607 3213 restringenda.
805 3116 808 3121 ι

147 3238 198 3292 54.
220 3235 343 3301 Quando
357 3245 421 3310 post
434 3243 606 3293 contractum
619 3235 831 3293 matrimonium
843 3233 932 3291 oritur
940 3231 1076 3291 dubitatio
1087 3229 1125 3290 do
1136 3230 1200 3307 ejus

109 3334 218 3399 valore,
227 3332 373 3409 diligentia
387 3333 548 3393 adhibenda
561 3344 605 3392 est
616 3344 648 3392 ut
659 3337 700 3393 rei
714 3333 817 3391 veritas
828 3333 1003 3400 innotescat,
1023 3330 1074 3390 sed
1088 3329 1201 3389 interim

109 3435 219 3511 conjux
232 3431 364 3491 dubitans
377 3435 484 3510 petenti
498 3432 616 3491 reddere
636 3433 727 3500 debet,
736 3451 772 3490 ne
782 3434 848 3510 jure
862 3432 939 3506 quod
952 3430 1083 3508 possidet
1094 3439 1200 3488 temere

110 3551 175 3590 eum
190 3532 292 3608 privet.
335 3533 368 3590 Si
381 3551 412 3591 re
425 3534 602 3609 investigata,
616 3533 735 3606 dubium
750 3551 806 3591 non
820 3541 981 3601 evanescat,
995 3529 1092 3608 plures
1105 3529 1202 3589 dicunt
1308 3612 1311 3617 Ι

110 3630 196 3689 licere
210 3640 270 3688 tum
291 3640 398 3707 petere,
413 3643 472 3690 tum
492 3631 621 3698 reddere,
635 3650 702 3690 nam
718 3633 784 3708 jure
797 3650 835 3690 ex
856 3631 1037 3690 matrImonio
1058 3625 1201 3687 bonafide

109 3729 179 3789 Inito
193 3729 350 3807 privandus
364 3749 421 3789 non
433 3739 486 3800 est,
498 3731 605 3804 absque
616 3740 692 3787 certa
706 3733 879 3788 auctoritate.
911 3726 1057 3800 Equidem
1073 3724 1200 3783 dubitan-
1218 3800 1222 3805 Ι

112 3826 235 3887 tibns'de
249 3830 416 3905 impotentia
433 3832 518 3890 trium
531 3846 669 3888 annorum
689 3828 894 3903 experientiaa
912 3826 983 3885 Iure
1003 3821 1167 3882 conceditur
1177 3814 1202 3877 :⁸

111 3928 193 4004 cujus
202 3928 325 3987 reiratio
339 3947 376 3986 ex
389 3929 573 4005 possessIone
586 3926 759 3986 matrimonii
773 3923 883 3984 videtur
897 3924 1064 3999 desumpta;
1079 3920 1200 3978 habebar
1285 3940 1288 3945 ·

111 4025 222 4086 scilicet
240 4025 366 4086 validum
386 4028 477 4087 donec
497 4027 669 4088 contrarium
687 4025 771 4102 plane
788 4024 825 4082 sit
843 4024 1034 4101 exploratum.
1076 4019 1109 4076 si
1128 4019 1200 4076 ratio
1248 4050 1251 4055 ·

317 4263 359 4328 (1)
379 4260 489 4311 hun·
501 4264 559 4311 9⁰2·
838 4259 880 4324 (a)
899 4254 1000 4306 nram.

265 4364 270 4371 ·
311 4347 354 4413 (3)
374 4344 407 4396 C.
416 4345 583 4409 Laudabilem,
594 4343 624 4397 de
628 4342 739 4415 frigidis
750 4347 774 4395 et
784 4341 890 4409 malefic.
