2640 4860
310 400 367 462 DE
389 400 711 464 lMPEDIMENTlS
731 403 1006 465 MATRIMONII.
1146 409 1204 465 327

553 902 695 962 CAPUT
721 903 759 961 V.

409 1119 447 1158 DE
469 1119 690 1160 lMPEDIMENTlS
710 1119 901 1160 Marnfflortn.

449 1279 514 1353 §.L
548 1279 597 1337 Dn
618 1297 867 1338 rnrnnrsurmus.

153 1447 222 1501 124.
244 1444 451 1521 Impedimenta
464 1458 532 1505 sunt
544 1448 638 1507 obices
652 1467 687 1507 ne
701 1449 749 1506 fiat
762 1449 984 1508 matrimonium.
1017 1445 1203 1509 Dirimentiu

110 1541 243 1601 dicuntur
256 1562 319 1616 quae
340 1546 451 1603 obstant
463 1565 499 1604 ne
512 1547 621 1606 valeat:
643 1547 839 1626 impedientia
853 1567 915 1620 que
929 1550 1042 1608 obstant
1055 1568 1090 1606 ne
1110 1549 1201 1616 liceat,

111 1645 243 1715 quamvis
256 1655 430 1703 contractum
445 1646 544 1705 valeat.
586 1647 733 1706 Dirimunt
748 1658 854 1717 autern,
867 1648 934 1706 licet
954 1649 1017 1721 quis
1039 1667 1073 1706 ea
1092 1649 1203 1726 ignora·

111 1743 192 1809 verit,
206 1742 255 1800 lex
269 1744 345 1801 enim
360 1745 502 1821 publicam
514 1746 671 1815 utilitatem,
682 1748 775 1824 potius
789 1767 873 1820 quarn
883 1748 1060 1824 singulorum
1069 1747 1200 1814 consilia,

111 1850 231 1915 spectat,
245 1852 273 1900 et
285 1862 392 1902 normae
407 1846 502 1920 potius
517 1865 601 1918 quam
616 1867 707 1922 poenae
721 1847 806 1904 habet
818 1846 972 1906 rationem:
988 1866 1037 1905 eos
1050 1856 1144 1905 tamen
1152 1847 1202 1918 qui

111 1940 248 2016 baptizati
274 1961 331 2000 non
356 1948 431 2011 sunt,
458 1964 516 2003 non
539 1956 668 2021 spectant
690 1946 895 2023 impedimenta
920 1965 983 2019 quae
1007 1947 1041 2004 ab
1067 1946 1202 2003 Ecclesia

110 2048 215 2098 statuta
227 2052 312 2110 suut3
333 2061 385 2101 nec
399 2044 476 2103 enim
491 2045 566 2103 valet
586 2047 673 2122 ligare
687 2045 799 2123 legibus
821 2064 871 2103 eos
893 2046 942 2117 qui
962 2046 1123 2102 nullatenus
1137 2061 1201 2102 eam

110 2139 233 2215 ingressi
246 2150 321 2199 sunt.

152 2242 220 2304 125.
243 2239 371 2308 Quatuor
383 2252 586 2301 enumerantur
599 2244 803 2320 impedimenta
815 2243 1010 2320 impedientia,
1024 2261 1128 2319 nempe
1141 2263 1149 2300 :

296 2439 434 2497 Ecclesiae
449 2441 578 2508 vetitum,
595 2450 717 2516 tempus,
732 2441 886 2516 sponsalia,
902 2450 1009 2499 votum.

151 2639 220 2693 126.
244 2636 347 2694 Vetere
360 2637 494 2695 Ecclesia
504 2637 614 2705 dicitur,
626 2638 861 2710 quandocumque
870 2636 984 2712 praesul,
994 2634 1199 2711 velparochus,

110 2734 243 2809 prohibet
256 2754 292 2792 ne
306 2737 410 2812 nuptiae
424 2737 563 2805 ineantur,
578 2737 654 2810 qnod
676 2737 841 2815 plerumque
856 2736 888 2792 fit
901 2744 931 2792 ut
945 2735 980 2792 de
994 2734 1200 2810 impedimento

109 2829 293 2905 inquiratur.¹
336 2835 441 2893 Peccat
463 2838 593 2913 graviter,
615 2840 675 2910 qui,
700 2838 786 2894 vetito
807 2834 979 2913 posthabito,
998 2835 1112 2910 nuptias
1135 2833 1197 2900 init,

110 2934 242 3004 quamvis
255 2935 280 2991 si
290 2934 528 3010 impedimentum
541 2955 605 2994 vere
619 2957 676 2995 non
686 2937 787 3001 subsit,
803 2935 928 3001 valeant;
943 2933 1041 2991 leviter
1054 2943 1159 2999 nutem,
1174 2934 1199 2989 si

111 3033 204 3089 vetitae
213 3033 269 3090 sint
278 3033 314 3090 ob
328 3034 391 3092 sesti
405 3034 462 3093 diei
476 3030 712 3094 venerationem.²
753 3035 821 3093 Huc
834 3034 931 3092 referri
943 3039 1038 3110 potest
1047 3030 1199 3107 prohibitio

110 3149 145 3188 ne
159 3133 374 3191 matrimonium
389 3134 579 3203 contrahatur,
590 3135 696 3207 absque
710 3128 970 3192 denuntiationibus
984 3131 1110 3209 previis.

151 3235 220 3290 127.
242 3231 331 3290 Juxta
343 3236 506 3310 generalem
520 3234 660 3292 Ecclesiae
673 3234 765 3311 legem
777 3235 806 3290 in
819 3232 941 3292 concilio
950 3228 1198 3290 LateranensiIV.

111 3325 223 3398 latam,³
236 3341 264 3388 et
277 3333 306 3390 in
323 3333 494 3392 Tridentino
518 3335 618 3394 iterum
641 3327 837 3400 inculcatam,⁴
857 3344 912 3392 tres
931 3330 1069 3391 faciendae
1087 3338 1153 3387 sunt
1172 3328 1202 3385 in

111 3429 242 3498 ecclesia,
253 3431 325 3489 inter
337 3433 493 3492 Missarum
504 3435 652 3501 solemnia,
662 3433 900 3515 proclamationes
909 3433 1020 3510 praeviae
1029 3427 1201 3488 matrimonii

110 3528 208 3596 futuri,
237 3531 324 3589 tribus
351 3531 451 3591 diebus
476 3533 556 3591 festis
579 3534 720 3592 continuis
748 3544 899 3606 antequam
926 3533 1093 3591 celebretur.
1140 3527 1200 3584 Eas

111 3630 242 3687 omittere
268 3630 386 3688 ubiles
413 3633 501 3707 viget,
515 3651 600 3708 grave
623 3640 668 3689 est
692 3641 851 3708 peccatum,
866 3632 912 3689 cui
938 3633 1024 3688 etiarn
1050 3623 1201 3701 suspensio

111 3726 235 3785 serendae
255 3730 402 3787 sententiae
423 3724 604 3789 adnectitur.⁵
628 3731 663 3789 In
683 3729 852 3802 quibusdam
872 3729 1040 3786 dioecesibus
1060 3723 1200 3781 Amerioae

112 3825 254 3884 ioederatae
276 3828 338 3886 fieri
364 3839 591 3896 consueverunt3
612 3829 641 3886 iu
655 3828 718 3885 aliis
740 3845 794 3884 usu
814 3845 872 3885 non
885 3837 953 3884 sunt
971 3831 1101 3898 receptae.
1142 3819 1201 3877 Ubi

111 3924 265 4001 episcopus
275 3929 403 4004 jusserit,
418 3927 554 3988 faciende
568 3937 635 3986 sunt
647 3926 820 3995 necessario,
834 3925 905 3984 adeo
924 3934 956 3982 ut
969 3929 1098 4001 peccaret
1111 3917 1201 3995 gravi·

113 4033 156 4080 ter
176 4019 310 4084 sacerdos
333 4028 479 4087 celebrans
500 4030 615 4105 nuptias
636 4028 672 4086 iis
694 4024 904 4102 pretermissis,
917 4024 985 4082 licet
1005 4017 1081 4080 certb
1103 4025 1201 4076 nosset

250 4205 293 4271 (1)
315 4203 377 4269 cap.
389 4204 414 4254 ii.
426 4205 455 4256 de
465 4209 540 4258 matr.
551 4221 604 4258 con.
774 4205 816 4270 (2)
837 4201 867 4252 C.
878 4201 913 4252 111.
923 4200 969 4252 eod
978 4201 1017 4251 ert.

248 4289 291 4353 (3)
312 4287 373 4351 Cap.
384 4289 410 4337 11.
773 4288 816 4354 (4)
837 4285 901 4334 Sese.
911 4282 1032 4334 xxiiai.

249 4371 294 4436 (b)
314 4368 345 4417 C.
357 4368 424 4420 Cum
434 4371 546 4421 inhibitio
558 4375 581 4432 ς.
593 4371 667 4432 Sane,
678 4370 708 4422 dc
719 4369 835 4422 elondest.
847 4367 958 4436 despom.
