2640 4860
282 344 342 407 lm
361 336 653 406 EUOHARISTIA
671 346 981 408 MINISTRANDA.
1132 350 1172 410 'll

120 517 170 573 34.
192 513 228 572 ln
240 513 344 573 Missis
355 513 486 572 vivorum
500 513 663 573 communio
676 513 750 572 intra
763 515 886 574 Missam
900 514 993 574 danda
1001 517 1170 593 plerumque

78 621 135 680 est,
145 613 203 673 nisi
215 613 253 673 ob
264 611 476 673 multitudinem
489 613 760 673 communicantium
770 623 871 692 postea
880 614 973 674 danda
983 615 1120 686 videatur,
1134 637 1171 678 ne

80 711 244 773 molestiam
259 721 290 771 et
299 711 516 773 incommodum
531 730 611 771 mora
623 712 754 789 plurimis
768 709 884 790 pariat.1

123 815 172 869 35.
195 811 229 869 Si
248 813 395 888 contingat
417 810 541 871 hostiam
565 811 698 871 decidere
718 811 786 871 dum
807 813 972 871 communio
985 816 1169 887 ministratur,

80 911 217 970 Rubricre
230 911 428 988 praescribunt,
446 920 479 968 nt
491 929 525 968 ea
537 912 630 968 statim
644 911 761 980 sublata,
782 912 862 970 locus
876 930 971 989 panno
984 914 1060 974 lineo
1079 920 1172 993 operi·

81 1021 154 1078 atur,
181 1009 320 1089 deinceps
345 1010 513 1069 abluendus.
556 1008 701 1070 Gaeterum
728 1010 758 1069 id
778 1013 830 1070 sub
857 1013 1014 1088 gravinen
1039 1027 1171 1074 censetur

79 1111 289 1186 prescriptum,
307 1119 338 1169 et
357 1110 394 1168 ob
415 1111 601 1169 turbationem
622 1110 721 1186 populi
741 1110 883 1170 vitandam
897 1112 1050 1184 aliquando
1064 1116 1171 1190 absque

79 1209 164 1285 culpa
177 1209 418 1286 praetermittitur3
439 1209 548 1267 cautela
568 1219 661 1266 tamen
685 1209 809 1269 adhibita
822 1229 858 1269 ne
878 1211 1025 1286 particula,
1039 1215 1086 1272 vel
1099 1215 1171 1292 frag-

78 1317 208 1366 mentum
222 1307 252 1367 in
266 1319 338 1368 terra
350 1308 534 1382 relinquatur.
578 1308 610 1365 Si
624 1309 653 1366 in
667 1319 766 1385 pectus
780 1310 906 1367 mulieris
920 1309 1012 1369 hostia
1024 1312 1169 1381 deciderit,

78 1410 108 1466 ei
121 1407 294 1483 permittitur
305 1417 337 1467 ut
348 1416 413 1467 eam
425 1408 489 1485 ipsa
503 1407 653 1476 abstrahat,
666 1416 694 1466 et
705 1409 735 1468 in
748 1410 854 1468 ciborio
868 1404 1014 1487 reponat.²

120 1510 168 1564 36.
191 1506 367 1567 Communio
380 1508 549 1584 plemmque
562 1526 646 1565 mane
660 1508 845 1567 ministranda
864 1520 908 1567 est
925 1510 1009 1585 juxta
1021 1522 1171 1570 consuetu·

79 1606 175 1664 dinem
190 1605 348 1665 Ecclesiae:
370 1605 420 1664 sed
442 1608 479 1665 ob
501 1608 655 1683 specialem
676 1627 803 1676 causam,
824 1628 1028 1681 nonnunquam
1042 1613 1095 1670 sub
1111 1631 1171 1670 ves-

79 1725 177 1782 peram
188 1706 298 1782 jejunis
312 1705 401 1774 datur,
416 1705 484 1764 dnm
498 1724 584 1764 sacrae
598 1707 840 1775 fiuntmissiones,
851 1719 1006 1786 etmagnus
1017 1712 1170 1789 estpopuli

78 1823 249 1864 concursus.
291 1806 467 1881 Intempesta
492 1816 576 1864 nocte
606 1825 669 1863 eam
698 1806 764 1864 dare
790 1808 944 1876 nonlicet,
972 1822 1052 1867 extra
1072 1831 1168 1870 casum

77 1905 270 1963 necessitatis.
313 1905 382 1963 Non
396 1905 464 1962 licet
475 1922 537 1962 eam
552 1904 617 1962 dare
631 1905 661 1963 in
676 1906 769 1963 Missa
783 1905 947 1964 Nativitatis
962 1906 1090 1975 Domini,
1105 1928 1169 1981 quae

78 2003 181 2061 dieitur
194 2002 289 2061 media
302 2013 395 2072 nocte,
416 2022 453 2061 ex
468 2002 582 2062 decreto
603 2004 635 2060 S.
652 2002 746 2081 Cong.
762 2005 880 2063 Rituum
895 2004 970 2082 apud
983 2005 1170 2066 Benedictum

76 2096 179 2161 ΧΙῚῙ.3
192 2118 247 2161 nec
260 2103 289 2162 in
303 2105 349 2162 die
364 2104 539 2161 Parascevcs
553 2123 590 2161 ex
604 2103 717 2162 decreto
731 2104 860 2181 ejusdem
871 2104 916 2162 die
933 2109 969 2163 19
983 2105 1055 2163 Feb.
1073 2110 1167 2165 1622:

75 2205 107 2260 in
121 2202 168 2261 die
182 2212 277 2261 autem
293 2204 408 2262 Sabbati
422 2203 520 2261 Sancti
534 2203 611 2261 nulla
623 2202 688 2281 lege
708 2212 832 2262 vetatur:
855 2223 918 2276 quae
942 2215 1037 2264 tamen
1050 2209 1166 2266 nonnisi

74 2304 105 2360 in
121 2303 217 2361 Missa
230 2303 353 2362 solemni
366 2321 400 2361 eo
414 2302 471 2370 die,
485 2303 531 2360 vel
544 2312 651 2378 postea,
666 2303 821 2362 ministrari
835 2306 994 2363 consuevit.

238 2519 264 2593 §.
278 2517 334 2576 111.
376 2516 491 2583 Quiane
508 2534 714 2576 numerarunt
727 2536 773 2576 sm
787 2518 1009 2576 Eucuanrsrm.

118 2679 167 2732 37.
190 2670 336 2730 “Fideles
358 2688 457 2728 omnes
479 2670 514 2728 ad
527 2689 634 2730 sacram
656 2671 888 2729 communionem
904 2667 1070 2727 admittendi
1091 2681 1166 2738 sunt,

75 2773 208 2850 exceptis
220 2773 256 2830 iis
271 2771 319 2845 qui
329 2771 408 2847 justa
420 2771 527 2828 ratione
541 2771 734 2847 prohibentur.
777 2769 901 2829 Arcendi
914 2779 1009 2827 autern
1019 2778 1086 2825 sunt
1098 2771 1169 2845 pub·

74 2875 130 2931 lice
152 2872 275 2948 indigni,
303 2870 401 2943 quales
422 2879 489 2928 sunt
507 2871 760 2936 excommunicati,
787 2868 938 2936 interdicti,
960 2867 1168 2941 manifesteque

76 2972 209 3040 infames,
231 2980 263 3028 ut
282 2971 455 3037 meretrices,
476 2969 679 3037 concubinarii,
701 2969 895 3036 foeneratores,
917 2968 1004 3044 magi,
1031 2968 1167 3044 sortilegi,

76 3071 251 3148 blasphemi,
265 3079 294 3127 et
319 3069 367 3127 alii
387 3071 449 3147 ejus
471 3069 583 3146 generis
607 3069 713 3145 publici
735 3076 917 3144 peccatores;
938 3067 993 3124 nisi
1013 3066 1048 3123 de
1069 3086 1169 3126 eorum

76 3171 248 3248 poenitentia
262 3179 291 3226 et
311 3169 511 3230 emendatione
524 3177 643 3239 constet,
658 3178 685 3226 et
699 3168 813 3245 publico
833 3167 967 3225 scandalo
988 3167 1066 3242 prius
1087 3169 1168 3226 satis·

78 3271 207 3329 fecerint.
251 3267 388 3327 Occultos
409 3267 476 3327 verb
499 3276 674 3344 peccatores,
688 3269 714 3325 si
736 3269 845 3326 occulte
869 3275 975 3344 petant,
993 3275 1021 3324 et
1039 3286 1097 3326 non
1117 3287 1167 3327 eos

77 3370 246 3429 emendatos
267 3367 444 3445 agnoverint,
465 3368 622 3443 repellant:
645 3387 704 3426 non
726 3377 819 3427 autem
843 3368 869 3424 si
889 3367 1000 3444 publice
1023 3376 1128 3444 petant,
1143 3379 1170 3425 et

77 3473 139 3528 sine
148 3468 285 3528 scandalo
299 3470 363 3544 ipos
374 3468 515 3543 praeterire
526 3466 701 3539 nequeant.”
729 3466 771 3524 Ita
779 3469 861 3545 jubet
870 3467 983 3525 Rituale
994 3466 1168 3526 Romanum.

79 3570 124 3627 De
139 3570 276 3628 omnibus
291 3568 340 3640 qui
348 3567 517 3625 nominatim
532 3565 687 3624 denuntiati
697 3584 756 3624 non
770 3577 845 3635 sunt,
860 3568 950 3640 etqui
964 3577 1116 3624 censentur
1135 3567 1170 3624 ad

80 3669 199 3727 tribunal
223 3667 396 3744 paenitentiae
418 3667 586 3732 accessisse,
607 3667 837 3742 praesumendum
863 3665 1032 3742 plerumque
1057 3674 1100 3720 est
1119 3682 1167 3720 eos

79 3769 247 3826 emendasse
270 3785 376 3834 morea,
390 3775 418 3823 et
431 3765 602 3823 satisfecisse
616 3765 768 3824 scandalo:
792 3773 963 3840 quapropter
975 3763 1025 3818 vix
1041 3780 1168 3832 unquam

79 3865 237 3943 repellendi
258 3875 323 3924 sunt
343 3866 426 3923 etiam
448 3866 498 3938 qui
519 3876 674 3923 noscuntur
698 3865 865 3940 gravissime
886 3860 1052 3933 deliquisse.
1095 3858 1167 3925 Qua

80 3967 171 4042 palam
186 3967 261 4024 inter
273 3965 437 4023 meretrices
458 3973 613 4032 versantur,
628 3967 725 4037 utique
739 3972 804 4020 sunt
817 3960 955 4028 arcendae,
970 3975 1059 4031 quum
1072 3958 1167 4039 ipsum

77 4067 253 4124 consortium
268 4083 371 4141 pravos
392 4063 494 4141 prodat
516 4082 627 4121 mores:
652 4082 710 4123 non
730 4064 769 4119 ita
790 4061 885 4138 puella
904 4054 1030 4136 gravida,
1044 4075 1109 4133 quar
1129 4058 1168 4117 ad

180 4234 223 4298 (1)
246 4231 307 4281 Vide
319 4231 411 4282 Bened.
425 4231 495 4280 XIV.
507 4231 537 4280 dc
549 4231 633 4285 Sacris,
645 4230 714 4281 Miss.
726 4235 743 4277 t.
755 4228 788 4277 ix.
798 4227 814 4275 l.
826 4225 859 4275 iii.
868 4241 890 4276 c.
900 4224 968 4275 xviii.

183 4320 226 4390 (2)
247 4317 273 4366 S.
286 4317 360 4386 Alph.
371 4317 387 4367 l.
398 4318 429 4367 vi.
441 4334 466 4373 n.
479 4321 538 4368 250.
775 4314 817 4379 (3)
837 4311 869 4360 T.
880 4311 914 4363 ix.
925 4313 943 4361 Ι.
955 4311 988 4363 iii.
1000 4327 1014 4361 c
1033 4311 1093 4366 xviii
