2640 4860
181 395 243 450 919
532 387 588 447 DE
609 385 920 447 ABSOLUTIONE.

183 575 249 615 cum
262 555 402 632 poenitens
417 555 452 612 ab
464 553 560 612 officio
583 554 628 613 vel
642 553 752 621 curiali,
775 554 821 611 vel
840 551 976 632 negotiali
989 530 1048 611 nob
1061 552 1183 623 recedit,
1198 555 1273 628 quod

182 657 244 713 siue
258 662 375 730 peccato
388 654 433 729 agi
446 653 525 711 nulla
538 655 644 711 ratione
657 646 854 727 praevalerem
894 654 961 731 Ipse
981 649 1119 710 Christus
1136 654 1228 731 jussit
1243 665 1274 715 ut

183 772 246 827 quse
269 754 360 829 magis
380 753 551 818 necessaria,
574 752 620 809 vel
640 751 719 808 utilia
740 750 880 819 videntur,
903 751 937 810 ad
960 750 1119 810 inferorum
1133 752 1272 830 supplicia

183 851 322 919 evitanda,
336 852 519 928 abjiciamus:
542 851 606 908 “Si
628 849 726 909 oculus
748 860 813 907 tuus
832 849 932 908 dexter
950 849 1129 909 scandalizat
1148 860 1186 919 te,
1206 864 1269 911 erue

183 969 260 1018 eum,
287 959 316 1007 et
335 952 444 1028 projice
463 951 513 1007 abs
539 959 582 1016 te;
603 948 719 1025 expedit
737 950 815 1007 enim
835 951 885 1008 tibi
905 959 937 1007 ut
956 959 1054 1026 pereat
1073 968 1164 1009 unum
1185 969 1268 1010 mem·

183 1051 298 1109 brorum
321 1059 443 1117 tuorum,
464 1066 549 1120 quam
570 1058 658 1106 totum
679 1067 783 1125 corpus
803 1058 882 1108 tuum
902 1050 1026 1108 mittatur
1046 1050 1076 1107 in
1100 1048 1267 1125 gehennam.

183 1150 261 1207 Etsi
275 1147 391 1207 dextera
404 1166 504 1206 manus
518 1156 564 1204 tua
577 1147 751 1206 scandalizat
763 1157 799 1215 te,
818 1147 953 1207 abscinde
967 1165 1040 1215 eam,
1055 1158 1085 1205 st
1097 1147 1209 1224 projice
1222 1149 1267 1206 abs

183 1258 210 1306 te
230 1241 323 1305 ctc.”²
362 1247 472 1305 Omnes
491 1247 576 1322 igitur
595 1248 645 1319 qui
664 1265 721 1305 non
741 1258 862 1323 possunt
880 1249 995 1305 vincere
1014 1248 1198 1315 tentationes,
1217 1247 1268 1307 nisi

184 1346 333 1425 abjicendo
358 1364 476 1404 munera
497 1363 559 1412 sua,
585 1346 631 1403 vel
651 1345 810 1404 deserendo
829 1364 879 1404 eos
900 1367 916 1404 a
941 1346 1045 1419 quibus
1065 1354 1264 1412 sustentantur,

184 1446 287 1505 debent
299 1446 381 1503 saluti
395 1444 554 1522 providere,
569 1445 700 1502 omnibus
715 1446 841 1523 abjectis.

225 1549 292 1603 197.
313 1545 448 1602 Externa
457 1545 623 1602 occasiones
636 1546 756 1619 peccati,
770 1562 833 1617 quse
847 1544 961 1602 inutiles
970 1552 1037 1600 sunt
1049 1553 1079 1601 et
1091 1543 1263 1620 peruiciosa,

183 1654 250 1702 sunt
262 1644 380 1701 omniuo
393 1642 573 1701 deserenda:
595 1659 648 1700 nec
661 1641 852 1702 absolvendus
868 1644 973 1716 estqui
987 1660 1035 1699 eas
1049 1640 1183 1701 deserere
1195 1640 1265 1701 hauri

184 1742 343 1818 pollicetur.
385 1741 434 1799 Sic
448 1760 599 1818 pravomm
614 1745 799 1809 consortium,
815 1744 994 1819 popinarum,
1008 1740 1065 1799 fori
1085 1742 1222 1811 aleatorii,
1240 1748 1264 1799 et

184 1840 285 1899 theatri
308 1841 505 1913 frequentatio,
519 1852 547 1898 st
567 1841 622 1898 alia
642 1841 897 1921 hujusmodique
916 1841 1077 1919 periculum
1090 1842 1200 1915 absque
1212 1840 1262 1899 ulla

182 1940 301 1998 utilitate
314 1959 376 2006 sua,
390 1941 435 1998 vel
449 1940 549 2007 aliena,
564 1939 694 2010 afferunt,
708 1939 948 1999 suntdessrenda.
975 1920 1159 1999 Promittenti
1171 1958 1261 1999 eorum

184 2041 279 2116 sugam
302 2038 391 2097 fidere
412 2041 514 2115 poterit
536 2038 744 2098 confessarius:
767 2038 845 2113 quod
866 2041 892 2097 si
914 2038 1004 2099 semel
1021 2040 1164 2099 iterumve
1181 2039 1260 2099 fidem

183 2138 298 2213 fregerit
319 2138 470 2213 poenitens,
494 2157 552 2196 non
578 2139 672 2197 statim
699 2140 751 2197 erit
777 2139 956 2198 absolutione
980 2138 1144 2206 donandus,
1164 2138 1213 2196 sed
1228 2137 1262 2195 rei

183 2234 310 2311 periculo
323 2235 414 2292 facto:
438 2236 558 2293 “donec
572 2238 656 2294 certis
676 2248 704 2295 et
723 2238 901 2297 evidentibus
925 2224 1038 2297 iudiciis
1055 2247 1177 2305 constet,
1190 2237 1261 2296 illum

184 2335 218 2390 ab
232 2333 277 2390 his
291 2334 489 2392 occasionibus
503 2353 567 2392 esse
586 2337 796 2414 segregatum.”
838 2338 882 2396 Ita
903 2336 1080 2415 praescripsit
1098 2337 1133 2395 S.
1148 2335 1260 2395 Carolus

183 2428 391 2490 Βοποηιωιιε.3
441 2433 499 2491 Sed
519 2453 572 2491 nec
592 2436 676 2495 alicui
695 2438 873 2509 frequentare
894 2437 939 2494 vel
957 2436 1082 2495 retinere
1099 2436 1170 2496 lioet
1189 2454 1259 2494 occa·

183 2533 278 2589 siones
291 2533 401 2607 peccati
421 2551 485 2590 cum
506 2534 626 2595 aliorum
646 2536 790 2604 scandalo,
812 2537 942 2609 quamvis
968 2534 1109 2613 peccandi
1121 2545 1261 2595 cousuetu-

182 2630 278 2689 dinem
292 2626 502 2704 dereliquerit.⁴

425 2865 450 2939 §.
467 2865 521 2923 lll.
563 2864 611 2922 Dn
626 2850 855 2925 conspicuuntur
869 2884 1030 2927 succum.

223 3058 289 3113 198.
315 3054 583 3115 Consuetudinurii
596 3078 611 3114 a
626 3057 766 3117 recidivis
780 3059 809 3117 in
822 3078 857 3119 eo
870 3058 1261 3138 atireologIsdistInguuntur,

181 3153 259 3226 quod
279 3154 309 3212 hi
330 3155 458 3213 dicantur
484 3157 533 3228 qui
555 3156 716 3216 confitendo
736 3154 932 3217 renuntiarunt
955 3168 1083 3235 peccato,
1105 3168 1135 3217 et
1152 3160 1183 3219 iu
1201 3155 1263 3218 illud

180 3252 316 3327 deinceps
330 3253 402 3329 lapsi
415 3265 490 3323 sunt,
506 3273 593 3326 quum
607 3254 648 3313 illi
665 3275 781 3335 pravam
794 3256 910 3317 foveant
920 3258 1169 3327 consuetudinem,
1184 3274 1262 3331 quam

180 3360 279 3408 sancto
293 3352 439 3427 proposito
453 3361 481 3408 et
505 3364 607 3439 conatu
620 3354 656 3413 ad
675 3356 762 3416 vitam
782 3372 885 3415 novam
906 3357 1061 3417 ineundam
1080 3376 1141 3417 uon
1153 3358 1263 3433 abrupe-

179 3459 253 3506 runt.
307 3447 524 3509 Consuetudine
549 3444 672 3513 irretitos
698 3473 762 3513 esse
786 3456 964 3516 absolutione
991 3454 1152 3523 donandos,
1179 3473 1260 3529 quum

179 3548 271 3624 prima
291 3549 353 3605 vice
372 3553 553 3618 accesserint,
576 3550 661 3611 docet
680 3552 712 3611 S.
734 3554 901 3631 alphonsus
921 3556 956 3613 de
982 3556 1100 3632 Ligurio
1112 3550 1137 3624 3⁵
1156 3555 1260 3628 quoties

179 3648 289 3705 scilicet
300 3648 387 3706 animi
402 3665 468 3707 vere
479 3650 642 3727 poenitentis
656 3653 793 3712 exhibent
806 3666 980 3731 argumenta,
995 3674 1060 3728 quae
1075 3673 1113 3712 ex
1126 3654 1261 3733 adjunctis

178 3748 366 3826 colliguntur:
387 3748 414 3807 si
435 3747 513 3808 euim
534 3749 628 3810 subitb
651 3753 716 3810 tacti
739 3755 796 3811 sint
815 3754 990 3813 conscientia
1012 3753 1261 3821 remordentem

178 3847 248 3907 aliis
262 3848 297 3906 ad
312 3848 438 3907 veirtutis
450 3846 575 3910 studium
590 3851 706 3918 incitati,
721 3851 872 3930 adjuvandi
892 3860 959 3912 sunt
978 3853 1148 3910 sacramenti
1167 3852 1259 3930 gratia,

178 3964 213 4002 ne
227 3957 332 4024 aegroto
345 3948 472 4007 sanitatis
485 3948 615 4010 smdioso
627 3950 753 4010 remedia
766 3952 901 4030 denegari
913 3950 1070 4011 videantur.
1114 3951 1187 4010 Haec
1200 3968 1261 4009 con.

246 4164 626 4232 (1)conc1,atii.can.xxii.
828 4172 872 4239 (2)
890 4170 961 4221 Matr.
973 4187 996 4220 v.
1008 4172 1048 4219 29.

249 4248 290 4312 (3)
309 4247 369 4296 Inst.
381 4248 413 4298 ed
424 4248 536 4300 Confess.
833 4254 877 4323 (4)
895 4250 924 4305 s:
933 4253 1009 4319 fflph,
1021 4255 1037 4305 1,
1049 4253 1082 4305 vi,
1092 4268 1117 4303 n,
1127 4253 1184 4301 452,

595 4338 637 4402 (5)
656 4336 686 4386 L.
697 4338 729 4386 vi.
741 4354 766 4387 n.
777 4339 835 4387 459.
