2640 4860
160 393 199 450 42
526 388 584 448 DE
605 387 898 450 BAPTIZANDIS.

162 554 321 636 periculum
334 573 393 614 non
408 553 492 614 video
505 556 650 628 quomodo
664 557 745 615 vitari
758 555 851 633 possit
863 556 894 614 in
914 563 970 614 tam
995 556 1075 632 gravi
1100 555 1258 622 incisione;

163 652 278 714 videant
290 654 384 730 periti.
425 655 572 733 Respectu
593 653 661 714 verb
684 656 792 724 matris,
807 673 843 713 an
864 655 927 732 ipsa
943 663 1073 714 teneatur
1085 654 1260 714 incisionem

165 753 244 832 pati?
286 752 361 812 Dico
375 752 453 827 quod
466 755 491 811 si
504 754 663 830 periculum
682 755 746 831 ejus
767 753 865 812 mortis
886 753 924 810 sit
942 754 1100 830 probabile,
1121 755 1186 831 ipsa
1205 771 1259 812 noc

165 862 284 920 tenetur,
299 870 353 910 nec
365 862 459 929 potest
472 871 525 912 suo
539 855 663 929 positivo
676 870 818 911 consensu
830 850 867 909 ad
881 852 1049 912 incisionem
1071 870 1258 920 concurrere3

167 960 275 1011 tantum
290 961 398 1029 posset,
407 962 436 1010 et
448 962 590 1011 teneretur
604 953 681 1011 illam
695 953 763 1028 pati,
773 952 798 1008 si
811 950 961 1028 chirurgus
970 952 1031 1010 sine
1042 971 1095 1010 suo
1105 969 1259 1020 consensu,

168 1049 245 1130 (ipsa
269 1053 388 1110 omnino
413 1052 542 1127 negative
568 1070 600 1109 se
626 1047 760 1129 habente)
787 1049 936 1117 incideret,
962 1059 990 1108 et
1009 1069 1077 1127 spes
1104 1050 1260 1127 probabilis

169 1148 282 1208 adesset
304 1151 413 1228 prolem
437 1149 496 1208 fore
520 1149 729 1226 baptizandam,
750 1167 782 1206 ac
802 1168 879 1208 mors
901 1149 997 1206 matris
1011 1167 1068 1208 non
1082 1157 1159 1207 esset
1171 1158 1258 1218 certa,

167 1267 235 1309 nam
249 1250 279 1308 iu
292 1247 378 1308 dubio
391 1249 520 1322 utrinqne
534 1250 674 1325 probabili
688 1258 797 1308 tenetur
809 1249 872 1325 ipsa
885 1247 972 1306 vitam
982 1248 1158 1325 spiritualem
1170 1249 1261 1326 prolis

167 1349 233 1408 vita
246 1367 305 1407 suae
319 1347 467 1426 temporali
480 1347 623 1424 praeferre.
666 1348 700 1405 Si
722 1357 815 1406 autem
838 1366 890 1404 sua
903 1364 980 1405 mors
993 1349 1030 1406 sit
1043 1355 1127 1416 certa,
1142 1357 1170 1405 et
1182 1348 1261 1406 salus

168 1448 258 1525 protis
272 1446 366 1512 dubia,
380 1465 438 1505 non
452 1454 561 1505 tenetur
574 1448 637 1524 ipsa
650 1448 737 1506 vitam
751 1455 826 1505 certe
840 1440 1015 1504 amittere.”1
1057 1447 1127 1505 Non
1146 1445 1260 1504 videtur

170 1548 255 1625 igitur
275 1544 421 1622 expedire,
443 1556 474 1604 ut
495 1544 627 1605 sacerdos
650 1546 780 1606 consulat
798 1546 967 1604 incisionem
989 1563 1053 1618 quar
1073 1554 1182 1604 tantum
1196 1547 1262 1604 vitae

170 1663 269 1703 secum
281 1643 335 1702 fert
348 1645 515 1722 periculum.
537 1645 615 1711 Quid
628 1653 720 1704 autem
734 1645 908 1711 faciendum,
922 1644 989 1702 dum
1003 1645 1083 1703 novit
1095 1644 1261 1723 chirurgum

169 1744 199 1801 in
213 1744 307 1802 animo
321 1743 423 1802 habere
446 1744 555 1813 soetum,
570 1744 726 1822 forcipibus
748 1745 893 1812 adhibitis,
907 1743 1064 1813 extrahere,
1080 1743 1125 1802 vel
1137 1745 1168 1802 in
1180 1753 1263 1804 utero

169 1844 346 1921 extinguere,
356 1843 509 1920 pharmaco
523 1843 600 1914 dato,
615 1854 647 1903 ut
660 1846 756 1903 matris
765 1853 891 1902 servetur
905 1844 982 1901 vitai
1009 1842 1156 1917 Equidem
1171 1862 1261 1916 quum

170 1944 303 2016 utrinque
316 1945 476 2020 periculum
491 1945 536 2011 sit,
552 1955 621 2020 puto
644 1943 721 2002 haud
738 1953 870 2021 oportere
892 1960 923 1999 se
944 1942 1120 2015 aliquatenus
1135 1943 1264 2020 chirurgi

171 2043 302 2102 consiliis
328 2043 506 2110 immiscere3
528 2042 567 2100 nil
589 2043 665 2099 enim
686 2042 820 2118 proderit,
842 2052 869 2099 et
887 2042 916 2099 in
929 2060 961 2100 sc
975 2043 1074 2100 mortis
1088 2044 1186 2100 matris
1201 2061 1264 2100 sus-

169 2142 257 2217 cipiet
269 2139 378 2198 cdium.
419 2140 569 2211 Plerisque
593 2139 708 2212 quidem
723 2141 862 2219 chirurgis
877 2140 987 2199 videtur
1000 2141 1083 2201 soetus
1098 2160 1156 2200 non
1170 2143 1264 2219 possi-

171 2237 239 2297 dere
253 2237 371 2314 plenum
387 2239 437 2314 jus
458 2238 493 2296 ad
514 2239 612 2306 vitam,
632 2237 725 2297 donec
744 2259 782 2298 ex
802 2252 882 2298 utero
906 2259 1039 2316 egressus
1072 2241 1119 2309 sit,
1134 2249 1162 2298 et
1174 2241 1265 2299 veluti

172 2354 239 2413 pars
253 2335 351 2394 matris
365 2334 491 2406 habetur,
516 2355 580 2409 quar
601 2357 664 2396 cum
679 2339 769 2414 ipsius
783 2349 874 2398 morte
888 2357 947 2397 non
967 2349 1011 2398 est
1023 2340 1182 2398 servanda:
1204 2340 1264 2398 imo

169 2445 314 2506 tamquam
340 2452 489 2511 aggressor
514 2436 544 2493 in
569 2437 665 2494 matris
691 2438 787 2507 vitam,
814 2436 955 2496 tollendus
988 2447 1128 2497 censetur.
1173 2437 1262 2505 Quod

171 2536 196 2592 si
210 2533 360 2612 chirurgus
374 2534 443 2607 quid
455 2535 539 2593 liceat
552 2545 637 2612 petat,
649 2539 747 2600 nescio
758 2537 901 2609 quomodo
915 2539 973 2595 vita
985 2537 1069 2595 foetus
1083 2539 1143 2596 tolli
1154 2539 1262 2611 absque

172 2634 258 2711 culpa
272 2643 366 2707 queat.
408 2635 441 2692 si
456 2645 545 2693 mater
560 2645 636 2712 petat
649 2635 719 2707 quid
732 2636 785 2693 sibi
805 2636 966 2694 faciendum
981 2637 1027 2702 sit,
1042 2635 1155 2694 videtur
1168 2637 1262 2696 dicen·

172 2733 240 2793 dum
261 2744 390 2810 oportere
414 2733 579 2810 chirurgum
605 2733 686 2792 orare
721 2745 751 2792 ut
780 2734 843 2790 vitae
866 2735 963 2801 foetus,
985 2735 1064 2795 omni
1091 2753 1147 2807 qua
1174 2738 1264 2812 possit

170 2834 289 2902 ratione,
305 2833 442 2893 consulat.

209 2936 258 2991 23.
285 2932 350 2991 Jam
372 2933 498 2993 diximus
519 2936 768 3008 sententiamque
788 2944 887 2993 censet
905 2933 1109 3012 baptizandum
1128 2954 1192 2994 esse
1208 2939 1260 2996 sub

170 3031 332 3091 conditione
346 3032 446 3091 soetum
459 3035 490 3092 in
503 3044 583 3094 utero
596 3034 690 3093 adhuc
703 3033 849 3102 latentem,
864 3033 900 3091 de
914 3035 995 3111 cujus
1009 3033 1160 3094 eductione
1182 3036 1261 3096 dubi·

170 3139 252 3196 tatur,
266 3133 291 3187 si
312 3150 386 3203 aqua
406 3131 441 3189 ad
461 3149 526 3189 eum
546 3131 665 3209 perduci
684 3134 784 3208 possit,
805 3134 920 3210 probari
945 3132 1105 3194 Benedicto
1125 3134 1211 3192 XIV.
1232 3137 1261 3194 in

170 3225 279 3285 erudito
298 3209 385 3304 opere
399 3228 434 3285 de
455 3228 567 3303 synodo
587 3213 763 3288 dioecesana:
786 3230 837 3288 sed
854 3251 944 3306 quum
961 3232 1033 3290 nihil
1053 3232 1219 3309 hujusmodi
1233 3236 1261 3293 in

170 3325 278 3384 Rituali
298 3325 422 3383 Romani
441 3328 647 3403 praescribatur,
669 3347 728 3387 non
748 3329 859 3389 videtur
883 3331 1022 3409 obligatus
1043 3330 1078 3389 ad
1097 3331 1126 3389 id
1147 3334 1261 3393 consilii

168 3433 273 3501 sponte
286 3422 422 3483 dandum.

208 3526 258 3581 24.
281 3521 459 3599 Baptizanda
469 3541 526 3581 non
537 3534 579 3582 est
591 3544 686 3585 massa
699 3545 800 3585 carnea
814 3547 876 3601 quas
885 3548 923 3587 ex
937 3531 1034 3588 abortu
1048 3530 1143 3607 prodit
1153 3533 1265 3606 absque

168 3622 226 3681 ulla
245 3641 418 3702 organorum
437 3622 637 3698 dispositione,
651 3626 697 3684 vel
710 3627 775 3684 vitae
793 3627 893 3703 signo:
915 3629 991 3700 quod
1004 3630 1029 3687 si
1041 3629 1152 3702 'aliquis
1168 3640 1260 3691 motus

169 3722 263 3782 vitalis
280 3724 308 3782 in
323 3723 391 3782 soetu
409 3722 538 3781 abortivo
558 3723 707 3793 indicetur,
721 3726 881 3803 baptismus
896 3728 949 3786 sub
968 3727 1132 3787 conditione
1151 3728 1260 3789 dandus

170 3824 232 3882 erit.
568 3810 612 3891 ,’“’
646 3824 688 3917 32⁴2

207 3927 257 3982 25.
280 3923 365 3983 Valet
377 3924 516 4000 baptismu
577 3906 584 3915 ⁸
656 3988 661 4003 ,Δ
687 3910 763 4009 sister
776 3934 856 4002 putet
869 3925 1005 3983 infantem
1019 3943 1083 3984 esse
1102 3927 1200 3996 alium,
1215 3930 1260 3987 vel

169 4034 299 4092 puerum,
315 4042 379 4096 quae
393 4023 489 4099 puella
502 4031 546 4081 est
555 4012 747 4105 ai'hit'tin'datur
759 4025 903 4100 praesenti.

207 4121 256 4175 26.
278 4119 324 4176 Dc
350 4125 485 4181 monstris
506 4122 575 4181 dicit
601 4124 632 4182 S.
657 4122 842 4200 Alphonsus:
876 4121 1029 4190 “Quando
1050 4123 1202 4194 dubitatur,
1226 4145 1260 4184 an

169 4223 327 4276 monstrum
341 4220 379 4277 sit
392 4219 490 4289 homo,
507 4221 708 4299 baptizandum
727 4222 864 4293 absolute,
886 4226 910 4283 si
935 4232 1020 4299 caput
1039 4225 1077 4282 sit
1091 4222 1259 4294 humanum,

558 4368 563 4377 ⁴
594 4389 635 4453 (1)
655 4385 765 4440 avae
780 4392 833 4439 roc.
