2640 4860
422 361 479 422 Dr:
503 363 796 427 BAPTIZANDIS.
1117 371 1156 426 tt

61 534 132 592 licet
144 532 273 589 membra
284 529 342 586 siut
360 528 467 597 ferIna3
488 531 541 589 sub
560 530 723 589 conditione
743 530 819 600 nord,
834 531 860 590 si
873 541 958 610 caput
969 535 1007 592 sit
1023 534 1156 606 ferinum,

61 641 90 689 et
112 630 242 688 membra
260 628 403 695 humaua;
425 627 482 687 hoc
496 628 561 687 rerd
588 631 614 688 si
633 628 769 706 prodierit
781 649 820 689 ex
839 650 995 708 congressu
1016 634 1071 692 viri
1089 654 1155 696 curn

62 730 186 789 femina:
209 746 275 786 uam
290 726 316 783 si
330 726 468 803 prodierit
480 729 587 786 exviro
599 747 664 786 oum
678 729 768 786 bestia
781 727 871 809 (quod
884 730 1050 790 incredibile
1063 733 1155 815 puto,)

62 838 129 887 bruc
147 826 286 905 baptizari
306 843 424 903 semper
444 824 559 885 deberet
577 827 629 885 sub
649 826 831 898 conditionc;
852 847 937 888 secus
951 832 977 889 si
990 848 1029 890 ex
1047 832 1156 893 femina

63 938 93 987 et
105 928 200 996 bruto,
215 935 281 984 tunc
295 926 373 984 enim
390 925 470 984 nullo
484 925 569 984 modo
589 926 800 1002 baptizandum,
814 928 951 1000 quianon
972 929 1158 992 descenderet

62 1045 99 1085 ex
113 1024 218 1094 Adam,
232 1033 329 1102 utpote
349 1043 408 1084 non
428 1033 599 1102 conceptum
620 1043 658 1083 ex
678 1025 788 1084 semine
807 1021 941 1087 virili.'’¹
981 1028 1156 1091 Consulatur

65 1133 94 1183 et
106 1125 223 1184 Rituale
237 1124 412 1185 Romanum.

102 1229 153 1283 27.
176 1223 326 1300 Mancipia
338 1223 375 1281 ad
388 1224 562 1301 baptismum
583 1222 692 1283 admitti
707 1235 837 1301 possunt,
853 1228 938 1286 etiam
952 1227 1028 1286 heris
1043 1229 1154 1299 invitis,

66 1323 217 1382 nonenim
236 1323 425 1401 subjiciuntur
444 1322 522 1380 heris
538 1324 616 1381 iniis
637 1343 700 1396 qua
720 1335 785 1382 sunt
799 1327 874 1403 juris
895 1325 993 1385 divini.
1035 1327 1159 1394 Quodsi

63 1430 164 1499 urgeat
186 1430 279 1480 metus
299 1422 362 1481 heri
379 1422 523 1490 vindicte,
544 1423 569 1481 si
588 1423 699 1480 noverit
718 1442 833 1484 servum
853 1425 942 1484 fuisse
968 1427 1074 1499 absque
1095 1430 1158 1505 ejus

65 1539 220 1589 consensu,
234 1523 281 1581 vel
301 1529 398 1580 eontra
417 1523 481 1599 ejus
501 1521 685 1591 voluntatem,
699 1523 883 1600 baptizatum,
899 1544 958 1583 non
978 1524 1044 1585 ideo
1064 1527 1159 1586 licebit

64 1618 207 1697 denegare
234 1630 441 1680 sacramentum
468 1638 550 1678 servo
575 1621 700 1697 cupienti
720 1640 778 1679 suae
805 1625 951 1682 consulere
976 1624 1079 1685 saluti:
1107 1627 1159 1686 sed

65 1719 161 1777 omnis
172 1720 282 1778 cautela
295 1719 456 1779 adhibenda
469 1720 533 1787 erit,
543 1728 574 1776 ut
586 1739 633 1779 res
647 1738 706 1778 non
720 1721 886 1780 innotescat.

103 1821 154 1875 28.
176 1818 303 1877 Infantes
318 1821 526 1897 mancipiorum
540 1819 676 1895 baptizari
687 1829 819 1894 possunt,
835 1822 997 1896 parentibus
1011 1823 1119 1891 invitis,
1135 1826 1160 1883 si

66 1916 177 1975 domini
191 1917 230 1975 ita
242 1917 349 1977 velint:
372 1920 439 1991 quia
451 1926 576 1996 potestas
591 1917 771 1976 dominorum
787 1920 816 1976 in
829 1937 879 1976 eos
893 1918 977 1995 plena
989 1929 1042 1988 est,
1054 1930 1082 1978 et
1094 1940 1160 1981 cum

65 2034 167 2075 eorum
186 2017 306 2076 utilitate
327 2016 476 2077 adhibetur
495 2015 531 2074 ad
551 2018 634 2075 saluti
655 2017 881 2076 consulendum:
912 2016 1046 2077 dominos
1067 2028 1160 2078 autem

55 2099 168 2173 ¹saltem
182 2133 220 2173 ex
234 2115 368 2175 charitate
379 2118 468 2176 teneri
481 2115 516 2173 ad
529 2134 580 2173 eos
593 2125 624 2174 ut
636 2113 828 2193 baptizentur¹
842 2116 1002 2175 afferendos
1016 2117 1162 2177 contendit

65 2210 220 2272 numine)
261 2215 419 2289 Nequeunt
431 2223 524 2274 autem
534 2215 671 2291 baptizari
682 2218 847 2292 parentibus
858 2215 1039 2290 dominisque
1052 2218 1159 2288 invitis,

65 2315 124 2372 nisi
145 2313 174 2371 in
198 2324 327 2374 extremo
349 2317 414 2374 vitre
440 2315 615 2383 discrimine,
638 2315 705 2387 quia
730 2334 818 2388 quum
842 2334 930 2392 penes
953 2335 1004 2374 eos
1027 2329 1161 2377 maneant

63 2413 157 2491 pueri,
180 2432 239 2473 non
258 2425 378 2490 possent
397 2414 551 2472 christiano
571 2432 651 2472 more
678 2415 797 2484 institui,
818 2415 941 2489 ideoque
968 2417 1158 2494 “baptismus

66 2510 220 2571 manifesto
241 2514 369 2589 periculo
395 2512 610 2591 profanationis,
631 2520 660 2570 et
678 2513 837 2589 baptizatus
857 2514 985 2590 periculo
1010 2518 1160 2591 apostasiae

66 2622 248 2688 exponetur;
281 2632 346 2671 oum
373 2621 485 2671 constet
510 2630 575 2670 eum
602 2613 632 2670 in
658 2612 821 2671 infidelitate
845 2607 1077 2670 educandum.'’³
1128 2615 1162 2671 Si

67 2719 202 2787 parentes
223 2711 321 2779 velint,
335 2711 459 2770 dominis
479 2711 712 2788 repugnantibus,
726 2720 847 2788 possunt
859 2711 912 2769 filii
930 2711 1080 2786 baptizari,
1095 2713 1163 2784 quia

69 2920 163 2966 tamen
171 2908 407 2968 debentstudium
417 2927 501 2968 omne
512 2927 618 2985 ponere
628 2911 658 2967 in
668 2909 703 2967 iis
711 2907 867 2967 christiano
878 2926 957 2966 more
968 2908 1159 2966 instituendis.

69 3008 100 3066 Si
114 3008 275 3067 alterutere
289 3010 453 3086 parentibus
468 3003 564 3076 velit,⁴
578 3009 623 3066 vel
637 3006 700 3065 heri
713 3025 797 3074 uxor,
812 3005 894 3064 debet
906 3006 998 3065 inians
1011 3008 1161 3083 baptizari,

70 3108 136 3179 quia
156 3109 287 3167 voluntas
309 3109 388 3185 justa
407 3108 492 3166 debet
504 3107 616 3184 injusta
636 3106 809 3183 praevalere:
837 3104 889 3163 sed
908 3124 1011 3183 magna
1030 3105 1162 3182 ponenda

70 3216 111 3263 est
123 3205 274 3285 diligentia
287 3209 317 3266 in
331 3207 483 3267 christiana
491 3207 578 3288 pueri
591 3206 776 3264 institutione.

107 3308 158 3363 29.
180 3306 307 3365 Infantes
327 3305 486 3365 infidelium
500 3306 655 3367 liberorum
676 3313 821 3377 nequeunt
841 3306 981 3381 baptizari
998 3306 1095 3364 invitis
1114 3325 1162 3383 pa-

70 3405 206 3474 rentibus,
234 3406 292 3464 nisi
317 3407 346 3464 in
372 3414 500 3463 extremo
526 3406 591 3462 vitae
623 3404 809 3462 discrimine:
844 3404 997 3464 declaravit
1024 3405 1101 3464 enim
1128 3405 1161 3464 S.

72 3501 266 3582 congregatio
280 3504 312 3563 S.
329 3502 437 3572 Officii,
451 3503 497 3562 die
515 3508 551 3561 18
565 3502 711 3561 Februarii
725 3523 801 3562 anno
818 3508 905 3571 1705,
919 3505 949 3563 ld
963 3513 982 3540 ‘⁴
992 3524 1049 3564 non
1062 3505 1161 3574 licere,

72 3603 126 3662 nisi
136 3605 166 3663 in
181 3605 301 3663 articulo
315 3604 413 3662 mortis
424 3603 455 3660 :”
471 3604 539 3675 quia
552 3610 572 3638 “
582 3601 740 3661 secundum
749 3604 800 3680 jus
814 3603 938 3661 naturale
949 3613 1016 3662 sunt
1029 3604 1082 3661 sub
1097 3622 1164 3661 cura

73 3712 232 3778 parentum,
252 3703 389 3776 quamdiu
409 3703 465 3780 ipsi
485 3702 541 3760 sibi
560 3701 709 3778 providere
729 3720 788 3760 non
808 3710 944 3778 possunt:
957 3743 965 3758 .
978 3742 985 3758 .
997 3743 1027 3782 3.
1050 3712 1079 3758 et
1097 3698 1164 3759 ideo

74 3812 168 3860 contra
183 3803 326 3879 justitiam
346 3802 502 3861 naturalem
523 3809 609 3869 esset,
623 3798 853 3893 ciffi-pueri,
868 3801 966 3858 invitis
986 3799 1160 3875 parentibus,

73 3899 296 3977 baptizarentur:
318 3901 392 3960 sicut
404 3903 490 3959 etiam
501 3902 527 3958 si
541 3900 629 3973 aliqui
648 3964 661 3977 μ
769 3966 774 3973 .
810 3898 990 3957 ,mrationis
1005 3897 1162 3972 baptizare·

75 4007 116 4056 tur
134 4001 249 4058 invitus.
291 4001 380 4059 Esset
392 4001 477 4060 etiam
498 3980 693 4077 periculosnln'
769 3980 773 3989 ¹
786 4016 800 4054 r
812 3997 888 4055 tilios
902 3995 1060 4054 infidelium
1073 3997 1164 4071 bapti*

109 4233 150 4298 (l)
168 4231 199 4281 L.
211 4233 244 4283 vi.
256 4249 281 4282 u.
296 4235 351 4282 125.
530 4235 572 4301 (2)
591 4233 699 4284 Antoine
710 4240 778 4283 tract.
789 4231 820 4282 de
830 4233 895 4297 bapt
907 4247 948 4296 qu.
959 4232 1010 4282 xiii.
1020 4231 1095 4298 Rerp.
1106 4230 1129 4279 3.

112 4320 153 4386 (3)
172 4318 273 4380 Ibidem,
286 4319 360 4389 Reep.
372 4320 395 4370 4.
531 4322 574 4388 (4)
592 4320 656 4371 Vide
667 4320 745 4371 (leuc.
756 4319 837 4370 'i'olet
848 4319 879 4370 iv.
890 4334 944 4386 cap.
956 4318 1016 4370 lxiii
