<?xml version="1.0" encoding="UTF-8"?>
<!DOCTYPE html PUBLIC "-//W3C//DTD XHTML 1.0 Transitional//EN"
    "http://www.w3.org/TR/xhtml1/DTD/xhtml1-transitional.dtd">
<html xmlns="http://www.w3.org/1999/xhtml" xml:lang="en" lang="en">
 <head>
  <title>
</title>
<meta http-equiv="Content-Type" content="text/html;charset=utf-8" />
  <meta name='ocr-system' content='tesseract 3.04.00' />
  <meta name='ocr-capabilities' content='ocr_page ocr_carea ocr_par ocr_line ocrx_word'/>
</head>
<body>
  <div class='ocr_page' id='page_1' title='image "./theologiaemoral01kenrgoog_0334.png"; bbox 0 0 2640 4860; ppageno 0'>
   <div class='ocr_carea' id='block_1_1' title="bbox 331 402 1140 468">
    <p class='ocr_par' dir='ltr' id='par_1_1' title="bbox 331 402 1140 468">
     <span class='ocr_line' id='line_1_1' title="bbox 331 402 1140 468; baseline 0.004 -4"><span class='ocrx_word' id='word_1_1' title='bbox 331 404 388 464; x_wconf 88' lang='lat' dir='ltr'><strong>DE</strong></span> <span class='ocrx_word' id='word_1_2' title='bbox 409 402 588 464; x_wconf 83' lang='lat' dir='ltr'>OFFIOIIS</span> <span class='ocrx_word' id='word_1_3' title='bbox 610 402 862 467; x_wconf 84' lang='lat' dir='ltr'><strong>CONJUGUM.</strong></span> <span class='ocrx_word' id='word_1_4' title='bbox 1083 414 1140 468; x_wconf 81' lang='lat'><strong>311</strong></span> 
     </span>
    </p>
   </div>
   <div class='ocr_carea' id='block_1_2' title="bbox 51 570 1153 4118">
    <p class='ocr_par' dir='ltr' id='par_1_2' title="bbox 51 570 1147 1424">
     <span class='ocr_line' id='line_1_2' title="bbox 54 570 1143 650; baseline 0.006 -24"><span class='ocrx_word' id='word_1_5' title='bbox 54 580 156 628; x_wconf 85' lang='lat' dir='ltr'><strong>servet·</strong></span> <span class='ocrx_word' id='word_1_6' title='bbox 192 570 227 630; x_wconf 92' lang='lat' dir='ltr'><strong>ln</strong></span> <span class='ocrx_word' id='word_1_7' title='bbox 251 571 351 630; x_wconf 90' lang='lat' dir='ltr'><strong>morbo</strong></span> <span class='ocrx_word' id='word_1_8' title='bbox 372 570 516 638; x_wconf 88' lang='lat' dir='ltr'><strong>diutnmo,</strong></span> <span class='ocrx_word' id='word_1_9' title='bbox 542 573 592 644; x_wconf 91' lang='lat' dir='ltr'><strong>qui</strong></span> <span class='ocrx_word' id='word_1_10' title='bbox 612 575 688 632; x_wconf 89' lang='lat' dir='ltr'><strong>vires</strong></span> <span class='ocrx_word' id='word_1_11' title='bbox 710 591 768 631; x_wconf 92' lang='lat' dir='ltr'><strong>non</strong></span> <span class='ocrx_word' id='word_1_12' title='bbox 789 573 871 642; x_wconf 89' lang='lat' dir='ltr'><strong>tollit,</strong></span> <span class='ocrx_word' id='word_1_13' title='bbox 892 573 996 650; x_wconf 89' lang='lat' dir='ltr'><strong>copula</strong></span> <span class='ocrx_word' id='word_1_14' title='bbox 1015 574 1143 644; x_wconf 87' lang='lat' dir='ltr'><strong>habetur,</strong></span> 
     </span>
     <span class='ocr_line' id='line_1_3' title="bbox 51 667 1145 743; baseline 0.005 -17"><span class='ocrx_word' id='word_1_15' title='bbox 51 667 119 728; x_wconf 88' lang='lat' dir='ltr'><strong>licet</strong></span> <span class='ocrx_word' id='word_1_16' title='bbox 131 669 207 727; x_wconf 92' lang='lat' dir='ltr'><strong>haud</strong></span> <span class='ocrx_word' id='word_1_17' title='bbox 221 671 329 743; x_wconf 80' lang='lat' dir='ltr'>absque</span> <span class='ocrx_word' id='word_1_18' title='bbox 343 670 512 728; x_wconf 86' lang='lat' dir='ltr'><strong>valetudinis</strong></span> <span class='ocrx_word' id='word_1_19' title='bbox 526 670 713 731; x_wconf 87' lang='lat' dir='ltr'><strong>detrimento:</strong></span> <span class='ocrx_word' id='word_1_20' title='bbox 737 681 756 707; x_wconf 81' lang='lat'><strong>‘⁸</strong></span> <span class='ocrx_word' id='word_1_21' title='bbox 765 673 790 729; x_wconf 91' lang='lat' dir='ltr'><strong>si</strong></span> <span class='ocrx_word' id='word_1_22' title='bbox 813 674 928 731; x_wconf 86' lang='lat' dir='ltr'><strong>morbus</strong></span> <span class='ocrx_word' id='word_1_23' title='bbox 949 682 1025 730; x_wconf 90' lang='lat' dir='ltr'><strong>esset</strong></span> <span class='ocrx_word' id='word_1_24' title='bbox 1039 673 1145 732; x_wconf 90' lang='lat' dir='ltr'><strong>diutur-</strong></span> 
     </span>
     <span class='ocr_line' id='line_1_4' title="bbox 51 769 1143 846; baseline 0.004 -19"><span class='ocrx_word' id='word_1_25' title='bbox 51 787 115 837; x_wconf 90' lang='lat' dir='ltr'><strong>nus,</strong></span> <span class='ocrx_word' id='word_1_26' title='bbox 129 779 160 827; x_wconf 89' lang='lat' dir='ltr'><strong>et</strong></span> <span class='ocrx_word' id='word_1_27' title='bbox 172 788 230 828; x_wconf 92' lang='lat' dir='ltr'><strong>non</strong></span> <span class='ocrx_word' id='word_1_28' title='bbox 245 769 377 846; x_wconf 85' lang='lat' dir='ltr'><strong>proxime</strong></span> <span class='ocrx_word' id='word_1_29' title='bbox 391 769 510 828; x_wconf 86' lang='lat' dir='ltr'><strong>tendens</strong></span> <span class='ocrx_word' id='word_1_30' title='bbox 524 769 559 826; x_wconf 90' lang='lat' dir='ltr'><strong>ad</strong></span> <span class='ocrx_word' id='word_1_31' title='bbox 574 781 705 838; x_wconf 87' lang='lat' dir='ltr'><strong>mortem,</strong></span> <span class='ocrx_word' id='word_1_32' title='bbox 721 789 825 846; x_wconf 84' lang='lat' dir='ltr'>nempe</span> <span class='ocrx_word' id='word_1_33' title='bbox 840 771 916 844; x_wconf 93' lang='lat' dir='ltr'><strong>quod</strong></span> <span class='ocrx_word' id='word_1_34' title='bbox 931 790 988 830; x_wconf 91' lang='lat' dir='ltr'><strong>non</strong></span> <span class='ocrx_word' id='word_1_35' title='bbox 1003 773 1096 830; x_wconf 80' lang='lat' dir='ltr'><strong>soleat</strong></span> <span class='ocrx_word' id='word_1_36' title='bbox 1107 772 1143 831; x_wconf 90' lang='lat' dir='ltr'><strong>de</strong></span> 
     </span>
     <span class='ocr_line' id='line_1_5' title="bbox 52 868 1144 951; baseline 0.004 -26"><span class='ocrx_word' id='word_1_37' title='bbox 52 868 129 926; x_wconf 88' lang='lat' dir='ltr'><strong>brevi</strong></span> <span class='ocrx_word' id='word_1_38' title='bbox 143 877 172 925; x_wconf 87' lang='lat' dir='ltr'><strong>et</strong></span> <span class='ocrx_word' id='word_1_39' title='bbox 184 868 261 927; x_wconf 85' lang='lat' dir='ltr'>sacili</span> <span class='ocrx_word' id='word_1_40' title='bbox 274 876 395 928; x_wconf 86' lang='lat' dir='ltr'><strong>mortem</strong></span> <span class='ocrx_word' id='word_1_41' title='bbox 409 869 524 936; x_wconf 84' lang='lat' dir='ltr'><strong>inferre,</strong></span> <span class='ocrx_word' id='word_1_42' title='bbox 539 878 570 927; x_wconf 88' lang='lat' dir='ltr'><strong>ut</strong></span> <span class='ocrx_word' id='word_1_43' title='bbox 581 880 659 928; x_wconf 89' lang='lat' dir='ltr'><strong>esset</strong></span> <span class='ocrx_word' id='word_1_44' title='bbox 671 871 770 947; x_wconf 88' lang='lat' dir='ltr'><strong>pestis,</strong></span> <span class='ocrx_word' id='word_1_45' title='bbox 783 879 831 928; x_wconf 90' lang='lat' dir='ltr'><strong>aut</strong></span> <span class='ocrx_word' id='word_1_46' title='bbox 843 872 921 947; x_wconf 90' lang='lat' dir='ltr'><strong>lepra</strong></span> <span class='ocrx_word' id='word_1_47' title='bbox 934 872 1059 938; x_wconf 88' lang='lat' dir='ltr'><strong>leonina,</strong></span> <span class='ocrx_word' id='word_1_48' title='bbox 1075 870 1144 951; x_wconf 91' lang='lat' dir='ltr'><strong>(qua</strong></span> 
     </span>
     <span class='ocr_line' id='line_1_6' title="bbox 52 965 1145 1047; baseline 0.004 -23"><span class='ocrx_word' id='word_1_49' title='bbox 52 966 192 1027; x_wconf 70' lang='lat' dir='ltr'>frustatim</span> <span class='ocrx_word' id='word_1_50' title='bbox 208 969 335 1027; x_wconf 89' lang='lat' dir='ltr'><strong>membra</strong></span> <span class='ocrx_word' id='word_1_51' title='bbox 354 965 511 1046; x_wconf 68' lang='lat' dir='ltr'><strong>decidunt)</strong></span> <span class='ocrx_word' id='word_1_52' title='bbox 526 978 593 1026; x_wconf 91' lang='lat' dir='ltr'><strong>tnnc</strong></span> <span class='ocrx_word' id='word_1_53' title='bbox 608 989 665 1028; x_wconf 92' lang='lat' dir='ltr'><strong>non</strong></span> <span class='ocrx_word' id='word_1_54' title='bbox 686 972 739 1027; x_wconf 90' lang='lat' dir='ltr'><strong>erit</strong></span> <span class='ocrx_word' id='word_1_55' title='bbox 758 970 886 1028; x_wconf 84' lang='lat' dir='ltr'><strong>illicitum</strong></span> <span class='ocrx_word' id='word_1_56' title='bbox 910 988 979 1028; x_wconf 90' lang='lat' dir='ltr'><strong>sano</strong></span> <span class='ocrx_word' id='word_1_57' title='bbox 999 980 1105 1047; x_wconf 88' lang='lat' dir='ltr'><strong>petere,</strong></span> <span class='ocrx_word' id='word_1_58' title='bbox 1120 973 1145 1028; x_wconf 89' lang='lat' dir='ltr'><strong>si</strong></span> 
     </span>
     <span class='ocr_line' id='line_1_7' title="bbox 52 1065 1142 1146; baseline 0.003 -23"><span class='ocrx_word' id='word_1_59' title='bbox 52 1065 143 1124; x_wconf 88' lang='lat' dir='ltr'><strong>aderit</strong></span> <span class='ocrx_word' id='word_1_60' title='bbox 151 1067 230 1142; x_wconf 89' lang='lat' dir='ltr'><strong>justa</strong></span> <span class='ocrx_word' id='word_1_61' title='bbox 243 1084 338 1134; x_wconf 88' lang='lat' dir='ltr'><strong>causa,</strong></span> <span class='ocrx_word' id='word_1_62' title='bbox 350 1066 492 1126; x_wconf 85' lang='lat' dir='ltr'><strong>mimirum</strong></span> <span class='ocrx_word' id='word_1_63' title='bbox 502 1067 617 1127; x_wconf 85' lang='lat' dir='ltr'><strong>fovendi</strong></span> <span class='ocrx_word' id='word_1_64' title='bbox 631 1088 756 1128; x_wconf 88' lang='lat' dir='ltr'><strong>amorem</strong></span> <span class='ocrx_word' id='word_1_65' title='bbox 771 1069 963 1146; x_wconf 89' lang='lat' dir='ltr'><strong>conjugalem,</strong></span> <span class='ocrx_word' id='word_1_66' title='bbox 976 1081 1024 1127; x_wconf 89' lang='lat' dir='ltr'><strong>aut</strong></span> <span class='ocrx_word' id='word_1_67' title='bbox 1037 1069 1142 1127; x_wconf 87' lang='lat' dir='ltr'><strong>vitandi</strong></span> 
     </span>
     <span class='ocr_line' id='line_1_8' title="bbox 52 1165 1146 1241; baseline 0.004 -18"><span class='ocrx_word' id='word_1_68' title='bbox 52 1166 258 1225; x_wconf 69' lang='lat' dir='ltr'><strong>continentiam</strong></span> <span class='ocrx_word' id='word_1_69' title='bbox 269 1167 299 1224; x_wconf 93' lang='lat' dir='ltr'><strong>in</strong></span> <span class='ocrx_word' id='word_1_70' title='bbox 313 1183 355 1232; x_wconf 87' lang='lat' dir='ltr'><strong>ss,</strong></span> <span class='ocrx_word' id='word_1_71' title='bbox 367 1165 411 1223; x_wconf 86' lang='lat' dir='ltr'><strong>vel</strong></span> <span class='ocrx_word' id='word_1_72' title='bbox 420 1166 448 1222; x_wconf 92' lang='lat' dir='ltr'><strong>in</strong></span> <span class='ocrx_word' id='word_1_73' title='bbox 463 1167 560 1233; x_wconf 89' lang='lat' dir='ltr'><strong>altere,</strong></span> <span class='ocrx_word' id='word_1_74' title='bbox 572 1169 639 1241; x_wconf 92' lang='lat' dir='ltr'><strong>quia</strong></span> <span class='ocrx_word' id='word_1_75' title='bbox 652 1168 721 1226; x_wconf 91' lang='lat' dir='ltr'><strong>alias</strong></span> <span class='ocrx_word' id='word_1_76' title='bbox 732 1178 808 1226; x_wconf 89' lang='lat' dir='ltr'><strong>esset</strong></span> <span class='ocrx_word' id='word_1_77' title='bbox 817 1168 899 1227; x_wconf 83' lang='lat' dir='ltr'><strong>valde</strong></span> <span class='ocrx_word' id='word_1_78' title='bbox 911 1187 1061 1227; x_wconf 89' lang='lat' dir='ltr'><strong>onerosum</strong></span> <span class='ocrx_word' id='word_1_79' title='bbox 1076 1178 1146 1227; x_wconf 88' lang='lat' dir='ltr'><strong>tarn·</strong></span> 
     </span>
     <span class='ocr_line' id='line_1_9' title="bbox 53 1263 1147 1345; baseline 0.005 -23"><span class='ocrx_word' id='word_1_80' title='bbox 53 1263 101 1323; x_wconf 90' lang='lat' dir='ltr'><strong>diu</strong></span> <span class='ocrx_word' id='word_1_81' title='bbox 122 1265 266 1324; x_wconf 87' lang='lat' dir='ltr'><strong>abstinere</strong></span> <span class='ocrx_word' id='word_1_82' title='bbox 286 1265 321 1323; x_wconf 91' lang='lat' dir='ltr'><strong>ab</strong></span> <span class='ocrx_word' id='word_1_83' title='bbox 341 1282 396 1322; x_wconf 89' lang='lat' dir='ltr'><strong>usu</strong></span> <span class='ocrx_word' id='word_1_84' title='bbox 417 1266 553 1343; x_wconf 86' lang='lat' dir='ltr'><strong>conjugii,</strong></span> <span class='ocrx_word' id='word_1_85' title='bbox 569 1267 645 1340; x_wconf 93' lang='lat' dir='ltr'><strong>quod</strong></span> <span class='ocrx_word' id='word_1_86' title='bbox 660 1269 708 1326; x_wconf 86' lang='lat' dir='ltr'><strong>vix</strong></span> <span class='ocrx_word' id='word_1_87' title='bbox 728 1269 834 1345; x_wconf 89' lang='lat' dir='ltr'><strong>poterit</strong></span> <span class='ocrx_word' id='word_1_88' title='bbox 852 1286 917 1326; x_wconf 90' lang='lat' dir='ltr'><strong>esse</strong></span> <span class='ocrx_word' id='word_1_89' title='bbox 936 1269 998 1326; x_wconf 89' lang='lat' dir='ltr'><strong>sine</strong></span> <span class='ocrx_word' id='word_1_90' title='bbox 1019 1268 1147 1345; x_wconf 90' lang='lat' dir='ltr'><strong>periculo</strong></span> 
     </span>
     <span class='ocr_line' id='line_1_10' title="bbox 54 1356 318 1424; baseline 0.008 -3"><span class='ocrx_word' id='word_1_91' title='bbox 54 1356 318 1424; x_wconf 84' lang='lat' dir='ltr'><strong>incontinentiae.”¹</strong></span> 
     </span>
    </p>

    <p class='ocr_par' dir='ltr' id='par_1_3' title="bbox 54 1464 1147 1936">
     <span class='ocr_line' id='line_1_11' title="bbox 93 1464 1147 1538; baseline 0.001 -16"><span class='ocrx_word' id='word_1_92' title='bbox 93 1467 145 1522; x_wconf 81' lang='grc'><strong>75.</strong></span> <span class='ocrx_word' id='word_1_93' title='bbox 168 1464 237 1523; x_wconf 92' lang='lat' dir='ltr'><strong>Non</strong></span> <span class='ocrx_word' id='word_1_94' title='bbox 258 1465 324 1522; x_wconf 90' lang='lat' dir='ltr'><strong>licet</strong></span> <span class='ocrx_word' id='word_1_95' title='bbox 346 1472 443 1538; x_wconf 89' lang='lat' dir='ltr'><strong>petere</strong></span> <span class='ocrx_word' id='word_1_96' title='bbox 463 1464 558 1522; x_wconf 89' lang='lat' dir='ltr'><strong>statim</strong></span> <span class='ocrx_word' id='word_1_97' title='bbox 579 1484 595 1521; x_wconf 97' lang='lat' dir='ltr'><strong>a</strong></span> <span class='ocrx_word' id='word_1_98' title='bbox 614 1465 734 1532; x_wconf 81' lang='lat' dir='ltr'><strong>balneis,</strong></span> <span class='ocrx_word' id='word_1_99' title='bbox 756 1467 801 1524; x_wconf 85' lang='lat' dir='ltr'><strong>vel</strong></span> <span class='ocrx_word' id='word_1_100' title='bbox 821 1466 948 1525; x_wconf 85' lang='lat' dir='ltr'><strong>sectione</strong></span> <span class='ocrx_word' id='word_1_101' title='bbox 968 1484 1058 1534; x_wconf 75' lang='lat' dir='ltr'><strong>vener,</strong></span> <span class='ocrx_word' id='word_1_102' title='bbox 1079 1466 1147 1538; x_wconf 93' lang='lat' dir='ltr'><strong>quia</strong></span> 
     </span>
     <span class='ocr_line' id='line_1_12' title="bbox 54 1562 1147 1638; baseline 0.002 -18"><span class='ocrx_word' id='word_1_103' title='bbox 54 1563 148 1620; x_wconf 86' lang='lat' dir='ltr'><strong>coitus</strong></span> <span class='ocrx_word' id='word_1_104' title='bbox 162 1573 229 1622; x_wconf 88' lang='lat' dir='ltr'><strong>tunc</strong></span> <span class='ocrx_word' id='word_1_105' title='bbox 242 1562 326 1621; x_wconf 89' lang='lat' dir='ltr'><strong>habet</strong></span> <span class='ocrx_word' id='word_1_106' title='bbox 338 1580 425 1638; x_wconf 85' lang='lat' dir='ltr'><strong>grave</strong></span> <span class='ocrx_word' id='word_1_107' title='bbox 439 1563 606 1638; x_wconf 89' lang='lat' dir='ltr'><strong>periculum.</strong></span> <span class='ocrx_word' id='word_1_108' title='bbox 648 1565 697 1623; x_wconf 86' lang='lat' dir='ltr'><strong>Sic</strong></span> <span class='ocrx_word' id='word_1_109' title='bbox 712 1564 798 1623; x_wconf 87' lang='lat' dir='ltr'><strong>etiam</strong></span> <span class='ocrx_word' id='word_1_110' title='bbox 812 1584 925 1624; x_wconf 91' lang='lat' dir='ltr'><strong>cumea</strong></span> <span class='ocrx_word' id='word_1_111' title='bbox 941 1584 1004 1637; x_wconf 83' lang='lat' dir='ltr'><strong>quae</strong></span> <span class='ocrx_word' id='word_1_112' title='bbox 1018 1565 1088 1623; x_wconf 85' lang='lat' dir='ltr'><strong>febri</strong></span> <span class='ocrx_word' id='word_1_113' title='bbox 1107 1565 1147 1622; x_wconf 89' lang='lat' dir='ltr'><strong>la-</strong></span> 
     </span>
     <span class='ocr_line' id='line_1_13' title="bbox 54 1661 1146 1741; baseline 0.004 -23"><span class='ocrx_word' id='word_1_114' title='bbox 54 1661 143 1730; x_wconf 89' lang='lat' dir='ltr'><strong>borat,</strong></span> <span class='ocrx_word' id='word_1_115' title='bbox 158 1663 235 1720; x_wconf 89' lang='lat' dir='ltr'><strong>coire</strong></span> <span class='ocrx_word' id='word_1_116' title='bbox 248 1661 439 1739; x_wconf 90' lang='lat' dir='ltr'><strong>periculosum</strong></span> <span class='ocrx_word' id='word_1_117' title='bbox 450 1671 502 1719; x_wconf 86' lang='lat' dir='ltr'><strong>est.</strong></span> <span class='ocrx_word' id='word_1_118' title='bbox 525 1661 602 1721; x_wconf 81' lang='lat' dir='ltr'><strong>Cum</strong></span> <span class='ocrx_word' id='word_1_119' title='bbox 617 1665 734 1722; x_wconf 90' lang='lat' dir='ltr'><strong>muliere</strong></span> <span class='ocrx_word' id='word_1_120' title='bbox 748 1682 810 1735; x_wconf 78' lang='lat' dir='ltr'><strong>qua</strong></span> <span class='ocrx_word' id='word_1_121' title='bbox 824 1664 1021 1741; x_wconf 84' lang='lat' dir='ltr'><strong>gonorrhaeam</strong></span> <span class='ocrx_word' id='word_1_122' title='bbox 1032 1665 1146 1740; x_wconf 89' lang='lat' dir='ltr'><strong>patitur,</strong></span> 
     </span>
     <span class='ocr_line' id='line_1_14' title="bbox 56 1759 1145 1839; baseline 0.002 -22"><span class='ocrx_word' id='word_1_123' title='bbox 56 1760 134 1818; x_wconf 90' lang='lat' dir='ltr'><strong>coire</strong></span> <span class='ocrx_word' id='word_1_124' title='bbox 156 1780 215 1820; x_wconf 89' lang='lat' dir='ltr'><strong>non</strong></span> <span class='ocrx_word' id='word_1_125' title='bbox 236 1761 334 1828; x_wconf 86' lang='lat' dir='ltr'><strong>decet3</strong></span> <span class='ocrx_word' id='word_1_126' title='bbox 355 1759 406 1817; x_wconf 89' lang='lat' dir='ltr'><strong>sed</strong></span> <span class='ocrx_word' id='word_1_127' title='bbox 420 1779 508 1832; x_wconf 91' lang='lat' dir='ltr'><strong>quum</strong></span> <span class='ocrx_word' id='word_1_128' title='bbox 524 1762 584 1819; x_wconf 84' lang='lat' dir='ltr'><strong>lraec</strong></span> <span class='ocrx_word' id='word_1_129' title='bbox 598 1762 728 1821; x_wconf 88' lang='lat' dir='ltr'><strong>diuturna</strong></span> <span class='ocrx_word' id='word_1_130' title='bbox 742 1763 788 1831; x_wconf 91' lang='lat' dir='ltr'><strong>sit,</strong></span> <span class='ocrx_word' id='word_1_131' title='bbox 804 1764 852 1820; x_wconf 85' lang='lat' dir='ltr'><strong>vix</strong></span> <span class='ocrx_word' id='word_1_132' title='bbox 873 1763 1018 1839; x_wconf 84' lang='lat' dir='ltr'><strong>prohiberi</strong></span> <span class='ocrx_word' id='word_1_133' title='bbox 1032 1773 1145 1838; x_wconf 87' lang='lat' dir='ltr'><strong>potest:</strong></span> 
     </span>
     <span class='ocr_line' id='line_1_15' title="bbox 57 1859 643 1936; baseline 0.002 -19"><span class='ocrx_word' id='word_1_134' title='bbox 57 1860 217 1936; x_wconf 90' lang='lat' dir='ltr'><strong>pericnlum</strong></span> <span class='ocrx_word' id='word_1_135' title='bbox 233 1870 327 1918; x_wconf 91' lang='lat' dir='ltr'><strong>autem</strong></span> <span class='ocrx_word' id='word_1_136' title='bbox 340 1859 442 1916; x_wconf 87' lang='lat' dir='ltr'><strong>afferre</strong></span> <span class='ocrx_word' id='word_1_137' title='bbox 455 1879 514 1919; x_wconf 92' lang='lat' dir='ltr'><strong>non</strong></span> <span class='ocrx_word' id='word_1_138' title='bbox 526 1860 643 1918; x_wconf 86' lang='lat' dir='ltr'><strong>videtur.</strong></span> 
     </span>
    </p>

    <p class='ocr_par' dir='ltr' id='par_1_4' title="bbox 57 1958 1151 2432">
     <span class='ocr_line' id='line_1_16' title="bbox 96 1958 1149 2036; baseline 0.002 -19"><span class='ocrx_word' id='word_1_139' title='bbox 96 1962 146 2017; x_wconf 87' lang='grc'><strong>76.</strong></span> <span class='ocrx_word' id='word_1_140' title='bbox 169 1959 240 2017; x_wconf 85' lang='lat' dir='ltr'><strong>Post</strong></span> <span class='ocrx_word' id='word_1_141' title='bbox 256 1958 405 2035; x_wconf 89' lang='lat' dir='ltr'><strong>prandium</strong></span> <span class='ocrx_word' id='word_1_142' title='bbox 427 1978 573 2018; x_wconf 88' lang='lat' dir='ltr'><strong>coenamve</strong></span> <span class='ocrx_word' id='word_1_143' title='bbox 589 1961 665 2017; x_wconf 90' lang='lat' dir='ltr'><strong>coire</strong></span> <span class='ocrx_word' id='word_1_144' title='bbox 686 1958 763 2015; x_wconf 92' lang='lat' dir='ltr'><strong>nulla</strong></span> <span class='ocrx_word' id='word_1_145' title='bbox 777 1959 839 2035; x_wconf 90' lang='lat' dir='ltr'><strong>lege</strong></span> <span class='ocrx_word' id='word_1_146' title='bbox 856 1967 974 2026; x_wconf 86' lang='lat' dir='ltr'><strong>vetatur,</strong></span> <span class='ocrx_word' id='word_1_147' title='bbox 990 1977 1042 2016; x_wconf 87' lang='lat' dir='ltr'><strong>nec</strong></span> <span class='ocrx_word' id='word_1_148' title='bbox 1062 1978 1149 2036; x_wconf 84' lang='lat' dir='ltr'><strong>grave</strong></span> 
     </span>
     <span class='ocr_line' id='line_1_17' title="bbox 57 2057 1150 2135; baseline 0.002 -21"><span class='ocrx_word' id='word_1_149' title='bbox 57 2057 110 2115; x_wconf 83' lang='lat' dir='ltr'><strong>lert</strong></span> <span class='ocrx_word' id='word_1_150' title='bbox 130 2057 277 2116; x_wconf 90' lang='lat' dir='ltr'><strong>damnum.</strong></span> <span class='ocrx_word' id='word_1_151' title='bbox 311 2058 473 2129; x_wconf 65' lang='lat' dir='ltr'><strong>Antequam</strong></span> <span class='ocrx_word' id='word_1_152' title='bbox 494 2059 646 2116; x_wconf 83' lang='lat' dir='ltr'><strong>ablactetur</strong></span> <span class='ocrx_word' id='word_1_153' title='bbox 659 2057 762 2125; x_wconf 89' lang='lat' dir='ltr'><strong>infans,</strong></span> <span class='ocrx_word' id='word_1_154' title='bbox 778 2058 853 2116; x_wconf 90' lang='lat' dir='ltr'><strong>coire</strong></span> <span class='ocrx_word' id='word_1_155' title='bbox 867 2076 925 2115; x_wconf 90' lang='lat' dir='ltr'><strong>non</strong></span> <span class='ocrx_word' id='word_1_156' title='bbox 945 2057 1047 2115; x_wconf 87' lang='lat' dir='ltr'><strong>decet:</strong></span> <span class='ocrx_word' id='word_1_157' title='bbox 1065 2059 1150 2135; x_wconf 84' lang='lat' dir='ltr'><strong>juxta</strong></span> 
     </span>
     <span class='ocr_line' id='line_1_18' title="bbox 58 2155 1151 2235; baseline 0.002 -21"><span class='ocrx_word' id='word_1_158' title='bbox 58 2157 127 2216; x_wconf 91' lang='lat' dir='ltr'><strong>illud</strong></span> <span class='ocrx_word' id='word_1_159' title='bbox 144 2157 277 2235; x_wconf 85' lang='lat' dir='ltr'><strong>Gregorii</strong></span> <span class='ocrx_word' id='word_1_160' title='bbox 292 2157 335 2214; x_wconf 90' lang='lat' dir='ltr'><strong>M.</strong></span> <span class='ocrx_word' id='word_1_161' title='bbox 352 2155 424 2214; x_wconf 79' lang='lat' dir='ltr'><strong>“Ad</strong></span> <span class='ocrx_word' id='word_1_162' title='bbox 439 2157 501 2233; x_wconf 86' lang='lat' dir='ltr'><strong>ejus</strong></span> <span class='ocrx_word' id='word_1_163' title='bbox 515 2157 581 2215; x_wconf 86' lang='lat' dir='ltr'><strong>verb</strong></span> <span class='ocrx_word' id='word_1_164' title='bbox 596 2157 777 2215; x_wconf 87' lang='lat' dir='ltr'><strong>concubitum</strong></span> <span class='ocrx_word' id='word_1_165' title='bbox 792 2157 835 2214; x_wconf 89' lang='lat' dir='ltr'><strong>vir</strong></span> <span class='ocrx_word' id='word_1_166' title='bbox 848 2157 982 2215; x_wconf 91' lang='lat' dir='ltr'><strong>accedere</strong></span> <span class='ocrx_word' id='word_1_167' title='bbox 995 2174 1052 2214; x_wconf 91' lang='lat' dir='ltr'><strong>non</strong></span> <span class='ocrx_word' id='word_1_168' title='bbox 1065 2156 1151 2216; x_wconf 88' lang='lat' dir='ltr'><strong>debet</strong></span> 
     </span>
     <span class='ocr_line' id='line_1_19' title="bbox 60 2251 1150 2334; baseline 0.002 -20"><span class='ocrx_word' id='word_1_169' title='bbox 60 2273 210 2329; x_wconf 88' lang='lat' dir='ltr'><strong>quousque</strong></span> <span class='ocrx_word' id='word_1_170' title='bbox 224 2257 273 2330; x_wconf 93' lang='lat' dir='ltr'><strong>qui</strong></span> <span class='ocrx_word' id='word_1_171' title='bbox 293 2257 419 2333; x_wconf 80' lang='lat' dir='ltr'><strong>gignitur</strong></span> <span class='ocrx_word' id='word_1_172' title='bbox 432 2256 583 2314; x_wconf 87' lang='lat' dir='ltr'><strong>ablactetur</strong></span> <span class='ocrx_word' id='word_1_173' title='bbox 596 2251 643 2314; x_wconf 79' lang='lat'><strong>:”²</strong></span> <span class='ocrx_word' id='word_1_174' title='bbox 663 2256 713 2314; x_wconf 89' lang='lat' dir='ltr'><strong>sed</strong></span> <span class='ocrx_word' id='word_1_175' title='bbox 734 2276 780 2314; x_wconf 90' lang='lat' dir='ltr'><strong>res</strong></span> <span class='ocrx_word' id='word_1_176' title='bbox 800 2256 912 2314; x_wconf 90' lang='lat' dir='ltr'><strong>consilii</strong></span> <span class='ocrx_word' id='word_1_177' title='bbox 933 2264 987 2324; x_wconf 90' lang='lat' dir='ltr'><strong>est,</strong></span> <span class='ocrx_word' id='word_1_178' title='bbox 1002 2276 1059 2314; x_wconf 89' lang='lat' dir='ltr'><strong>non</strong></span> <span class='ocrx_word' id='word_1_179' title='bbox 1080 2276 1150 2334; x_wconf 82' lang='lat' dir='ltr'><strong>prae·</strong></span> 
     </span>
     <span class='ocr_line' id='line_1_20' title="bbox 60 2356 145 2432; baseline 0 -19"><span class='ocrx_word' id='word_1_180' title='bbox 60 2356 145 2432; x_wconf 91' lang='lat' dir='ltr'><strong>cepti.</strong></span> 
     </span>
    </p>

    <p class='ocr_par' dir='ltr' id='par_1_5' title="bbox 58 2453 1152 3326">
     <span class='ocr_line' id='line_1_21' title="bbox 96 2453 1148 2531; baseline 0 -17"><span class='ocrx_word' id='word_1_181' title='bbox 96 2460 147 2514; x_wconf 87' lang='grc'><strong>77.</strong></span> <span class='ocrx_word' id='word_1_182' title='bbox 171 2453 286 2531; x_wconf 83' lang='lat' dir='ltr'><strong>Copula</strong></span> <span class='ocrx_word' id='word_1_183' title='bbox 299 2455 335 2512; x_wconf 92' lang='lat' dir='ltr'><strong>ob</strong></span> <span class='ocrx_word' id='word_1_184' title='bbox 350 2455 439 2512; x_wconf 89' lang='lat' dir='ltr'><strong>solam</strong></span> <span class='ocrx_word' id='word_1_185' title='bbox 461 2455 632 2530; x_wconf 87' lang='lat' dir='ltr'><strong>voluptatem</strong></span> <span class='ocrx_word' id='word_1_186' title='bbox 648 2454 731 2530; x_wconf 89' lang='lat' dir='ltr'><strong>culpa</strong></span> <span class='ocrx_word' id='word_1_187' title='bbox 752 2455 856 2513; x_wconf 87' lang='lat' dir='ltr'><strong>veniali</strong></span> <span class='ocrx_word' id='word_1_188' title='bbox 874 2473 931 2512; x_wconf 91' lang='lat' dir='ltr'><strong>non</strong></span> <span class='ocrx_word' id='word_1_189' title='bbox 952 2465 1048 2513; x_wconf 88' lang='lat' dir='ltr'><strong>vacat:</strong></span> <span class='ocrx_word' id='word_1_190' title='bbox 1070 2456 1148 2514; x_wconf 91' lang='lat' dir='ltr'><strong>dam·</strong></span> 
     </span>
     <span class='ocr_line' id='line_1_22' title="bbox 59 2553 1150 2631; baseline 0 -19"><span class='ocrx_word' id='word_1_191' title='bbox 59 2564 125 2612; x_wconf 87' lang='lat' dir='ltr'><strong>nata</strong></span> <span class='ocrx_word' id='word_1_192' title='bbox 147 2555 225 2612; x_wconf 88' lang='lat' dir='ltr'><strong>enim</strong></span> <span class='ocrx_word' id='word_1_193' title='bbox 245 2563 291 2612; x_wconf 90' lang='lat' dir='ltr'><strong>est</strong></span> <span class='ocrx_word' id='word_1_194' title='bbox 316 2553 491 2629; x_wconf 85' lang='lat' dir='ltr'><strong>propositio:</strong></span> <span class='ocrx_word' id='word_1_195' title='bbox 515 2553 626 2630; x_wconf 84' lang='lat' dir='ltr'><strong>“Opus</strong></span> <span class='ocrx_word' id='word_1_196' title='bbox 648 2555 775 2631; x_wconf 90' lang='lat' dir='ltr'><strong>conjugii</strong></span> <span class='ocrx_word' id='word_1_197' title='bbox 802 2555 839 2612; x_wconf 95' lang='lat' dir='ltr'><strong>ob</strong></span> <span class='ocrx_word' id='word_1_198' title='bbox 863 2553 953 2611; x_wconf 90' lang='lat' dir='ltr'><strong>solam</strong></span> <span class='ocrx_word' id='word_1_199' title='bbox 977 2554 1150 2630; x_wconf 88' lang='lat' dir='ltr'><strong>voluptatem</strong></span> 
     </span>
     <span class='ocr_line' id='line_1_23' title="bbox 59 2648 1150 2729; baseline 0 -18"><span class='ocrx_word' id='word_1_200' title='bbox 59 2653 225 2720; x_wconf 87' lang='lat' dir='ltr'><strong>exercitum,</strong></span> <span class='ocrx_word' id='word_1_201' title='bbox 240 2653 319 2713; x_wconf 91' lang='lat' dir='ltr'><strong>omni</strong></span> <span class='ocrx_word' id='word_1_202' title='bbox 334 2655 448 2729; x_wconf 86' lang='lat' dir='ltr'><strong>penitus</strong></span> <span class='ocrx_word' id='word_1_203' title='bbox 462 2653 630 2728; x_wconf 89' lang='lat' dir='ltr'><strong>caretculpa</strong></span> <span class='ocrx_word' id='word_1_204' title='bbox 643 2673 676 2710; x_wconf 89' lang='lat' dir='ltr'><strong>ac</strong></span> <span class='ocrx_word' id='word_1_205' title='bbox 687 2653 799 2711; x_wconf 84' lang='lat' dir='ltr'><strong>defectu</strong></span> <span class='ocrx_word' id='word_1_206' title='bbox 810 2648 964 2710; x_wconf 79' lang='lat' dir='ltr'><strong>veniali.&#39;’³</strong></span> <span class='ocrx_word' id='word_1_207' title='bbox 1004 2653 1150 2724; x_wconf 90' lang='lat' dir='ltr'><strong>Equidem</strong></span> 
     </span>
     <span class='ocr_line' id='line_1_24' title="bbox 61 2750 1152 2829; baseline 0.002 -21"><span class='ocrx_word' id='word_1_208' title='bbox 61 2751 201 2811; x_wconf 89' lang='lat' dir='ltr'><strong>venialem</strong></span> <span class='ocrx_word' id='word_1_209' title='bbox 216 2770 281 2810; x_wconf 87' lang='lat' dir='ltr'><strong>esse</strong></span> <span class='ocrx_word' id='word_1_210' title='bbox 294 2752 407 2827; x_wconf 90' lang='lat' dir='ltr'><strong>culpam</strong></span> <span class='ocrx_word' id='word_1_211' title='bbox 421 2752 520 2824; x_wconf 90' lang='lat' dir='ltr'><strong>liquet,</strong></span> <span class='ocrx_word' id='word_1_212' title='bbox 535 2750 602 2809; x_wconf 92' lang='lat' dir='ltr'><strong>dum</strong></span> <span class='ocrx_word' id='word_1_213' title='bbox 614 2752 678 2823; x_wconf 89' lang='lat' dir='ltr'><strong>quis</strong></span> <span class='ocrx_word' id='word_1_214' title='bbox 692 2752 777 2810; x_wconf 87' lang='lat' dir='ltr'><strong>veluti</strong></span> <span class='ocrx_word' id='word_1_215' title='bbox 790 2753 877 2810; x_wconf 86' lang='lat' dir='ltr'><strong>finem</strong></span> <span class='ocrx_word' id='word_1_216' title='bbox 890 2751 998 2826; x_wconf 82' lang='lat' dir='ltr'><strong>copulae</strong></span> <span class='ocrx_word' id='word_1_217' title='bbox 1007 2754 1152 2829; x_wconf 88' lang='lat' dir='ltr'><strong>proponit,</strong></span> 
     </span>
     <span class='ocr_line' id='line_1_25' title="bbox 60 2850 1151 2928; baseline 0.001 -19"><span class='ocrx_word' id='word_1_218' title='bbox 60 2850 137 2924; x_wconf 92' lang='lat' dir='ltr'><strong>quod</strong></span> <span class='ocrx_word' id='word_1_219' title='bbox 163 2861 261 2909; x_wconf 89' lang='lat' dir='ltr'><strong>natura</strong></span> <span class='ocrx_word' id='word_1_220' title='bbox 286 2860 430 2924; x_wconf 90' lang='lat' dir='ltr'><strong>tamquam</strong></span> <span class='ocrx_word' id='word_1_221' title='bbox 458 2850 583 2908; x_wconf 90' lang='lat' dir='ltr'><strong>medium</strong></span> <span class='ocrx_word' id='word_1_222' title='bbox 607 2851 765 2928; x_wconf 86' lang='lat' dir='ltr'><strong>adsignavit</strong></span> <span class='ocrx_word' id='word_1_223' title='bbox 790 2870 847 2923; x_wconf 91' lang='lat' dir='ltr'><strong>quo</strong></span> <span class='ocrx_word' id='word_1_224' title='bbox 871 2850 904 2908; x_wconf 96' lang='lat' dir='ltr'><strong>ad</strong></span> <span class='ocrx_word' id='word_1_225' title='bbox 925 2851 1025 2918; x_wconf 87' lang='lat' dir='ltr'><strong>finem,</strong></span> <span class='ocrx_word' id='word_1_226' title='bbox 1046 2871 1151 2928; x_wconf 89' lang='lat' dir='ltr'><strong>nempe</strong></span> 
     </span>
     <span class='ocr_line' id='line_1_26' title="bbox 60 2950 1152 3027; baseline 0.001 -20"><span class='ocrx_word' id='word_1_227' title='bbox 60 2950 151 3027; x_wconf 89' lang='lat' dir='ltr'><strong>prolis</strong></span> <span class='ocrx_word' id='word_1_228' title='bbox 171 2952 407 3026; x_wconf 88' lang='lat' dir='ltr'><strong>procreationem,</strong></span> <span class='ocrx_word' id='word_1_229' title='bbox 419 2950 614 3008; x_wconf 88' lang='lat' dir='ltr'><strong>alliceremur:</strong></span> <span class='ocrx_word' id='word_1_230' title='bbox 630 2950 680 3007; x_wconf 88' lang='lat' dir='ltr'><strong>sed</strong></span> <span class='ocrx_word' id='word_1_231' title='bbox 695 2969 782 3022; x_wconf 92' lang='lat' dir='ltr'><strong>quum</strong></span> <span class='ocrx_word' id='word_1_232' title='bbox 803 2952 897 3026; x_wconf 88' lang='lat' dir='ltr'><strong>gravis</strong></span> <span class='ocrx_word' id='word_1_233' title='bbox 910 2969 968 3008; x_wconf 90' lang='lat' dir='ltr'><strong>non</strong></span> <span class='ocrx_word' id='word_1_234' title='bbox 988 2950 1025 3008; x_wconf 90' lang='lat' dir='ltr'><strong>sit</strong></span> <span class='ocrx_word' id='word_1_235' title='bbox 1044 2951 1152 3010; x_wconf 89' lang='lat' dir='ltr'><strong>ordinis</strong></span> 
     </span>
     <span class='ocr_line' id='line_1_27' title="bbox 62 3048 1152 3127; baseline 0.001 -20"><span class='ocrx_word' id='word_1_236' title='bbox 62 3050 219 3127; x_wconf 84' lang='lat' dir='ltr'><strong>perversio,</strong></span> <span class='ocrx_word' id='word_1_237' title='bbox 228 3048 407 3107; x_wconf 84' lang='lat' dir='ltr'><strong>nonexcedit</strong></span> <span class='ocrx_word' id='word_1_238' title='bbox 419 3050 532 3125; x_wconf 90' lang='lat' dir='ltr'><strong>culpam</strong></span> <span class='ocrx_word' id='word_1_239' title='bbox 547 3049 698 3107; x_wconf 87' lang='lat' dir='ltr'><strong>venialem.</strong></span> <span class='ocrx_word' id='word_1_240' title='bbox 733 3048 818 3115; x_wconf 91' lang='lat' dir='ltr'><strong>Quod</strong></span> <span class='ocrx_word' id='word_1_241' title='bbox 831 3050 856 3107; x_wconf 92' lang='lat' dir='ltr'><strong>si</strong></span> <span class='ocrx_word' id='word_1_242' title='bbox 871 3050 935 3122; x_wconf 91' lang='lat' dir='ltr'><strong>quis</strong></span> <span class='ocrx_word' id='word_1_243' title='bbox 948 3059 1040 3106; x_wconf 88' lang='lat' dir='ltr'><strong>utatur</strong></span> <span class='ocrx_word' id='word_1_244' title='bbox 1053 3051 1152 3126; x_wconf 89' lang='lat' dir='ltr'><strong>volup·</strong></span> 
     </span>
     <span class='ocr_line' id='line_1_28' title="bbox 58 3147 1151 3225; baseline -0.001 -18"><span class='ocrx_word' id='word_1_245' title='bbox 58 3159 115 3207; x_wconf 90' lang='lat' dir='ltr'><strong>tate</strong></span> <span class='ocrx_word' id='word_1_246' title='bbox 129 3156 161 3206; x_wconf 88' lang='lat' dir='ltr'><strong>nt</strong></span> <span class='ocrx_word' id='word_1_247' title='bbox 180 3167 212 3206; x_wconf 87' lang='lat' dir='ltr'><strong>se</strong></span> <span class='ocrx_word' id='word_1_248' title='bbox 225 3149 331 3207; x_wconf 83' lang='lat' dir='ltr'><strong>excitet</strong></span> <span class='ocrx_word' id='word_1_249' title='bbox 343 3148 378 3206; x_wconf 94' lang='lat' dir='ltr'><strong>ad</strong></span> <span class='ocrx_word' id='word_1_250' title='bbox 398 3148 541 3224; x_wconf 90' lang='lat' dir='ltr'><strong>copulam,</strong></span> <span class='ocrx_word' id='word_1_251' title='bbox 555 3148 633 3207; x_wconf 90' lang='lat' dir='ltr'><strong>nulla</strong></span> <span class='ocrx_word' id='word_1_252' title='bbox 652 3148 704 3205; x_wconf 88' lang='lat' dir='ltr'><strong>crit</strong></span> <span class='ocrx_word' id='word_1_253' title='bbox 723 3147 816 3223; x_wconf 91' lang='lat' dir='ltr'><strong>culpa,</strong></span> <span class='ocrx_word' id='word_1_254' title='bbox 832 3167 919 3220; x_wconf 91' lang='lat' dir='ltr'><strong>quum</strong></span> <span class='ocrx_word' id='word_1_255' title='bbox 940 3150 1151 3225; x_wconf 88' lang='lat' dir='ltr'><strong>generationem</strong></span> 
     </span>
     <span class='ocr_line' id='line_1_29' title="bbox 59 3246 438 3326; baseline -0.011 -20"><span class='ocrx_word' id='word_1_256' title='bbox 59 3246 204 3326; x_wconf 76' lang='lat' dir='ltr'><strong>precipue</strong></span> <span class='ocrx_word' id='word_1_257' title='bbox 216 3249 271 3306; x_wconf 90' lang='lat' dir='ltr'><strong>sibi</strong></span> <span class='ocrx_word' id='word_1_258' title='bbox 290 3257 438 3325; x_wconf 91' lang='lat' dir='ltr'><strong>proponat.</strong></span> 
     </span>
    </p>

    <p class='ocr_par' dir='ltr' id='par_1_6' title="bbox 59 3345 1153 4118">
     <span class='ocr_line' id='line_1_30' title="bbox 78 3345 1151 3422; baseline -0.002 -16"><span class='ocrx_word' id='word_1_259' title='bbox 78 3369 81 3376; x_wconf 91' lang='lat'>·</span> <span class='ocrx_word' id='word_1_260' title='bbox 98 3351 150 3407; x_wconf 88' lang='grc'><strong>78.</strong></span> <span class='ocrx_word' id='word_1_261' title='bbox 171 3347 326 3406; x_wconf 87' lang='lat' dir='ltr'><strong>Peccatum</strong></span> <span class='ocrx_word' id='word_1_262' title='bbox 340 3356 384 3405; x_wconf 88' lang='lat' dir='ltr'><strong>est</strong></span> <span class='ocrx_word' id='word_1_263' title='bbox 397 3346 512 3404; x_wconf 81' lang='lat' dir='ltr'><strong>mortale</strong></span> <span class='ocrx_word' id='word_1_264' title='bbox 527 3347 659 3422; x_wconf 88' lang='lat' dir='ltr'><strong>copulam</strong></span> <span class='ocrx_word' id='word_1_265' title='bbox 675 3345 778 3403; x_wconf 88' lang='lat' dir='ltr'><strong>habere</strong></span> <span class='ocrx_word' id='word_1_266' title='bbox 793 3357 887 3404; x_wconf 88' lang='lat' dir='ltr'><strong>mente</strong></span> <span class='ocrx_word' id='word_1_267' title='bbox 899 3345 1033 3414; x_wconf 87' lang='lat' dir='ltr'><strong>adultera,</strong></span> <span class='ocrx_word' id='word_1_268' title='bbox 1048 3346 1151 3405; x_wconf 85' lang='lat' dir='ltr'><strong>affectu</strong></span> 
     </span>
     <span class='ocr_line' id='line_1_31' title="bbox 61 3445 1153 3522; baseline 0 -20"><span class='ocrx_word' id='word_1_269' title='bbox 61 3447 170 3504; x_wconf 87' lang='lat' dir='ltr'><strong>scilicet</strong></span> <span class='ocrx_word' id='word_1_270' title='bbox 192 3446 227 3504; x_wconf 87' lang='lat' dir='ltr'><strong>ad</strong></span> <span class='ocrx_word' id='word_1_271' title='bbox 253 3447 335 3504; x_wconf 89' lang='lat' dir='ltr'><strong>aliam</strong></span> <span class='ocrx_word' id='word_1_272' title='bbox 357 3445 473 3503; x_wconf 89' lang='lat' dir='ltr'><strong>directo.</strong></span> <span class='ocrx_word' id='word_1_273' title='bbox 515 3446 600 3512; x_wconf 87' lang='lat' dir='ltr'><strong>Quod</strong></span> <span class='ocrx_word' id='word_1_274' title='bbox 622 3447 646 3504; x_wconf 89' lang='lat' dir='ltr'><strong>si</strong></span> <span class='ocrx_word' id='word_1_275' title='bbox 668 3446 731 3518; x_wconf 89' lang='lat' dir='ltr'><strong>quis</strong></span> <span class='ocrx_word' id='word_1_276' title='bbox 751 3445 786 3503; x_wconf 92' lang='lat' dir='ltr'><strong>de</strong></span> <span class='ocrx_word' id='word_1_277' title='bbox 807 3446 921 3504; x_wconf 85' lang='lat' dir='ltr'><strong>alterius</strong></span> <span class='ocrx_word' id='word_1_278' title='bbox 941 3446 1153 3522; x_wconf 89' lang='lat' dir='ltr'><strong>pulchritudine</strong></span> 
     </span>
     <span class='ocr_line' id='line_1_32' title="bbox 60 3543 1152 3622; baseline -0.001 -19"><span class='ocrx_word' id='word_1_279' title='bbox 60 3545 174 3622; x_wconf 83' lang='lat' dir='ltr'><strong>cogitet,</strong></span> <span class='ocrx_word' id='word_1_280' title='bbox 189 3555 220 3603; x_wconf 89' lang='lat' dir='ltr'><strong>ut</strong></span> <span class='ocrx_word' id='word_1_281' title='bbox 232 3564 263 3603; x_wconf 89' lang='lat' dir='ltr'><strong>sc</strong></span> <span class='ocrx_word' id='word_1_282' title='bbox 285 3545 399 3611; x_wconf 87' lang='lat' dir='ltr'><strong>excitet,</strong></span> <span class='ocrx_word' id='word_1_283' title='bbox 414 3545 520 3618; x_wconf 90' lang='lat' dir='ltr'><strong>absque</strong></span> <span class='ocrx_word' id='word_1_284' title='bbox 541 3556 633 3603; x_wconf 90' lang='lat' dir='ltr'><strong>tamen</strong></span> <span class='ocrx_word' id='word_1_285' title='bbox 655 3543 756 3602; x_wconf 83' lang='lat' dir='ltr'><strong>affectu</strong></span> <span class='ocrx_word' id='word_1_286' title='bbox 781 3547 866 3622; x_wconf 88' lang='lat' dir='ltr'><strong>turpi,</strong></span> <span class='ocrx_word' id='word_1_287' title='bbox 880 3554 1062 3604; x_wconf 88' lang='lat' dir='ltr'><strong>excusatura</strong></span> <span class='ocrx_word' id='word_1_288' title='bbox 1082 3564 1152 3602; x_wconf 89' lang='lat' dir='ltr'><strong>non·</strong></span> 
     </span>
     <span class='ocr_line' id='line_1_33' title="bbox 60 3644 1151 3720; baseline -0.003 -18"><span class='ocrx_word' id='word_1_289' title='bbox 60 3645 195 3702; x_wconf 83' lang='lat' dir='ltr'><strong>nemine:</strong></span> <span class='ocrx_word' id='word_1_290' title='bbox 217 3645 311 3703; x_wconf 88' lang='lat' dir='ltr'><strong>sedin</strong></span> <span class='ocrx_word' id='word_1_291' title='bbox 330 3644 457 3720; x_wconf 85' lang='lat' dir='ltr'><strong>periculo</strong></span> <span class='ocrx_word' id='word_1_292' title='bbox 475 3644 626 3703; x_wconf 81' lang='lat' dir='ltr'><strong>manifesto</strong></span> <span class='ocrx_word' id='word_1_293' title='bbox 638 3663 796 3702; x_wconf 88' lang='lat' dir='ltr'><strong>consensus</strong></span> <span class='ocrx_word' id='word_1_294' title='bbox 811 3645 839 3702; x_wconf 92' lang='lat' dir='ltr'><strong>in</strong></span> <span class='ocrx_word' id='word_1_295' title='bbox 853 3644 985 3718; x_wconf 91' lang='lat' dir='ltr'><strong>copulam</strong></span> <span class='ocrx_word' id='word_1_296' title='bbox 1001 3645 1151 3718; x_wconf 89' lang='lat' dir='ltr'><strong>cogitatam</strong></span> 
     </span>
     <span class='ocr_line' id='line_1_34' title="bbox 60 3741 1150 3817; baseline -0.004 -16"><span class='ocrx_word' id='word_1_297' title='bbox 60 3761 126 3801; x_wconf 91' lang='lat' dir='ltr'><strong>cum</strong></span> <span class='ocrx_word' id='word_1_298' title='bbox 141 3744 234 3801; x_wconf 87' lang='lat' dir='ltr'><strong>aliena</strong></span> <span class='ocrx_word' id='word_1_299' title='bbox 253 3753 389 3801; x_wconf 88' lang='lat' dir='ltr'><strong>versatur.</strong></span> <span class='ocrx_word' id='word_1_300' title='bbox 431 3743 464 3800; x_wconf 83' lang='lat' dir='ltr'><strong>Si</strong></span> <span class='ocrx_word' id='word_1_301' title='bbox 484 3744 548 3815; x_wconf 89' lang='lat' dir='ltr'><strong>quis</strong></span> <span class='ocrx_word' id='word_1_302' title='bbox 570 3742 605 3800; x_wconf 89' lang='lat' dir='ltr'><strong>de</strong></span> <span class='ocrx_word' id='word_1_303' title='bbox 625 3743 716 3800; x_wconf 90' lang='lat' dir='ltr'><strong>aliena</strong></span> <span class='ocrx_word' id='word_1_304' title='bbox 736 3742 838 3817; x_wconf 90' lang='lat' dir='ltr'><strong>copula</strong></span> <span class='ocrx_word' id='word_1_305' title='bbox 862 3741 976 3817; x_wconf 85' lang='lat' dir='ltr'><strong>cogitet,</strong></span> <span class='ocrx_word' id='word_1_306' title='bbox 992 3742 1021 3798; x_wconf 92' lang='lat' dir='ltr'><strong>in</strong></span> <span class='ocrx_word' id='word_1_307' title='bbox 1045 3757 1150 3815; x_wconf 90' lang='lat' dir='ltr'><strong>magno</strong></span> 
     </span>
     <span class='ocr_line' id='line_1_35' title="bbox 59 3836 1153 3919; baseline -0.005 -19"><span class='ocrx_word' id='word_1_308' title='bbox 59 3844 148 3900; x_wconf 89' lang='lat' dir='ltr'><strong>etiam</strong></span> <span class='ocrx_word' id='word_1_309' title='bbox 172 3852 217 3901; x_wconf 88' lang='lat' dir='ltr'><strong>est</strong></span> <span class='ocrx_word' id='word_1_310' title='bbox 236 3843 371 3919; x_wconf 88' lang='lat' dir='ltr'><strong>periculo,</strong></span> <span class='ocrx_word' id='word_1_311' title='bbox 385 3841 452 3900; x_wconf 89' lang='lat' dir='ltr'><strong>licet</strong></span> <span class='ocrx_word' id='word_1_312' title='bbox 471 3860 504 3899; x_wconf 86' lang='lat' dir='ltr'><strong>ea</strong></span> <span class='ocrx_word' id='word_1_313' title='bbox 524 3843 565 3900; x_wconf 91' lang='lat' dir='ltr'><strong>nti</strong></span> <span class='ocrx_word' id='word_1_314' title='bbox 586 3851 692 3898; x_wconf 91' lang='lat' dir='ltr'><strong>tanturn</strong></span> <span class='ocrx_word' id='word_1_315' title='bbox 715 3839 784 3897; x_wconf 86' lang='lat' dir='ltr'><strong>velit</strong></span> <span class='ocrx_word' id='word_1_316' title='bbox 804 3839 839 3897; x_wconf 92' lang='lat' dir='ltr'><strong>ad</strong></span> <span class='ocrx_word' id='word_1_317' title='bbox 860 3857 892 3895; x_wconf 89' lang='lat' dir='ltr'><strong>se</strong></span> <span class='ocrx_word' id='word_1_318' title='bbox 912 3837 1094 3898; x_wconf 86' lang='lat' dir='ltr'><strong>excitandum</strong></span> <span class='ocrx_word' id='word_1_319' title='bbox 1117 3836 1153 3895; x_wconf 92' lang='lat' dir='ltr'><strong>ad</strong></span> 
     </span>
     <span class='ocr_line' id='line_1_36' title="bbox 60 3936 1152 4019; baseline -0.005 -21"><span class='ocrx_word' id='word_1_320' title='bbox 60 3941 193 4019; x_wconf 90' lang='lat' dir='ltr'><strong>copulam</strong></span> <span class='ocrx_word' id='word_1_321' title='bbox 213 3960 279 4000; x_wconf 91' lang='lat' dir='ltr'><strong>enm</strong></span> <span class='ocrx_word' id='word_1_322' title='bbox 302 3941 418 4018; x_wconf 92' lang='lat' dir='ltr'><strong>propria</strong></span> <span class='ocrx_word' id='word_1_323' title='bbox 437 3942 576 4018; x_wconf 89' lang='lat' dir='ltr'><strong>conjuge:</strong></span> <span class='ocrx_word' id='word_1_324' title='bbox 599 3949 618 3975; x_wconf 79' lang='lat'><strong>‘⁶</strong></span> <span class='ocrx_word' id='word_1_325' title='bbox 632 3939 692 3996; x_wconf 82' lang='lat' dir='ltr'><strong>haec</strong></span> <span class='ocrx_word' id='word_1_326' title='bbox 706 3948 800 3995; x_wconf 89' lang='lat' dir='ltr'><strong>tamen</strong></span> <span class='ocrx_word' id='word_1_327' title='bbox 817 3938 961 4014; x_wconf 85' lang='lat' dir='ltr'><strong>cogitatio,</strong></span> <span class='ocrx_word' id='word_1_328' title='bbox 976 3939 999 3995; x_wconf 88' lang='lat' dir='ltr'><strong>si</strong></span> <span class='ocrx_word' id='word_1_329' title='bbox 1021 3946 1096 3994; x_wconf 87' lang='lat' dir='ltr'><strong>esset</strong></span> <span class='ocrx_word' id='word_1_330' title='bbox 1116 3936 1152 3995; x_wconf 92' lang='lat' dir='ltr'><strong>de</strong></span> 
     </span>
     <span class='ocr_line' id='line_1_37' title="bbox 60 4035 1152 4118; baseline -0.004 -20"><span class='ocrx_word' id='word_1_331' title='bbox 60 4041 165 4117; x_wconf 87' lang='lat' dir='ltr'><strong>copula</strong></span> <span class='ocrx_word' id='word_1_332' title='bbox 189 4041 262 4099; x_wconf 88' lang='lat' dir='ltr'><strong>inter</strong></span> <span class='ocrx_word' id='word_1_333' title='bbox 281 4059 418 4118; x_wconf 89' lang='lat' dir='ltr'><strong>personas</strong></span> <span class='ocrx_word' id='word_1_334' title='bbox 444 4039 643 4098; x_wconf 86' lang='lat' dir='ltr'><strong>determinatas</strong></span> <span class='ocrx_word' id='word_1_335' title='bbox 664 4056 722 4096; x_wconf 93' lang='lat' dir='ltr'><strong>non</strong></span> <span class='ocrx_word' id='word_1_336' title='bbox 742 4055 909 4095; x_wconf 87' lang='lat' dir='ltr'><strong>excusarem</strong></span> <span class='ocrx_word' id='word_1_337' title='bbox 930 4057 947 4094; x_wconf 94' lang='lat' dir='ltr'><strong>a</strong></span> <span class='ocrx_word' id='word_1_338' title='bbox 969 4035 1092 4102; x_wconf 87' lang='lat' dir='ltr'><strong>mortali,</strong></span> <span class='ocrx_word' id='word_1_339' title='bbox 1114 4037 1152 4094; x_wconf 95' lang='lat' dir='ltr'><strong>ob</strong></span> 
     </span>
    </p>
   </div>
   <div class='ocr_carea' id='block_1_3' title="bbox 232 4255 995 4414">
    <p class='ocr_par' dir='ltr' id='par_1_7' title="bbox 232 4255 995 4414">
     <span class='ocr_line' id='line_1_38' title="bbox 232 4255 995 4328; baseline -0.009 -18"><span class='ocrx_word' id='word_1_340' title='bbox 232 4263 275 4328; x_wconf 93' lang='lat' dir='ltr'><strong>(l)</strong></span> <span class='ocrx_word' id='word_1_341' title='bbox 295 4260 325 4310; x_wconf 92' lang='lat' dir='ltr'><strong>L.</strong></span> <span class='ocrx_word' id='word_1_342' title='bbox 336 4261 368 4311; x_wconf 89' lang='lat' dir='ltr'><strong>vi.</strong></span> <span class='ocrx_word' id='word_1_343' title='bbox 379 4277 404 4310; x_wconf 86' lang='lat' dir='ltr'><strong>n.</strong></span> <span class='ocrx_word' id='word_1_344' title='bbox 418 4262 474 4309; x_wconf 82' lang='lat'>199.</span> <span class='ocrx_word' id='word_1_345' title='bbox 746 4259 789 4324; x_wconf 80' lang='lat'><strong>(2)</strong></span> <span class='ocrx_word' id='word_1_346' title='bbox 809 4255 839 4305; x_wconf 81' lang='lat' dir='ltr'><strong>G.</strong></span> <span class='ocrx_word' id='word_1_347' title='bbox 851 4255 893 4305; x_wconf 87' lang='lat' dir='ltr'><strong>tin.</strong></span> <span class='ocrx_word' id='word_1_348' title='bbox 905 4256 960 4306; x_wconf 87' lang='lat' dir='ltr'><strong>dist.</strong></span> <span class='ocrx_word' id='word_1_349' title='bbox 972 4272 995 4303; x_wconf 83' lang='lat' dir='ltr'><strong>v.</strong></span> 
     </span>
     <span class='ocr_line' id='line_1_39' title="bbox 379 4340 847 4414; baseline -0.013 -18"><span class='ocrx_word' id='word_1_350' title='bbox 379 4348 423 4414; x_wconf 78' lang='grc'><strong>(3)</strong></span> <span class='ocrx_word' id='word_1_351' title='bbox 442 4345 515 4409; x_wconf 87' lang='lat' dir='ltr'><strong>Prop.</strong></span> <span class='ocrx_word' id='word_1_352' title='bbox 526 4343 560 4394; x_wconf 86' lang='lat' dir='ltr'><strong>ix.</strong></span> <span class='ocrx_word' id='word_1_353' title='bbox 571 4343 654 4394; x_wconf 85' lang='lat' dir='ltr'><strong>damn.</strong></span> <span class='ocrx_word' id='word_1_354' title='bbox 665 4343 696 4392; x_wconf 88' lang='lat' dir='ltr'><strong>ab</strong></span> <span class='ocrx_word' id='word_1_355' title='bbox 707 4342 791 4391; x_wconf 90' lang='lat' dir='ltr'><strong>Innoc.</strong></span> <span class='ocrx_word' id='word_1_356' title='bbox 802 4340 847 4390; x_wconf 88' lang='lat' dir='ltr'><strong>XI.</strong></span> 
     </span>
    </p>
   </div>
   <div class='ocr_carea' id='block_1_4' title="bbox 0 0 1339 4860">
    <p class='ocr_par' dir='ltr' id='par_1_8' title="bbox 0 0 1339 4860">
     <span class='ocr_line' id='line_1_40' title="bbox 0 0 1339 4860; baseline 0 0"><span class='ocrx_word' id='word_1_357' title='bbox 0 0 1339 4860; x_wconf 95' lang='lat' dir='ltr'><strong> </strong></span> 
     </span>
    </p>
   </div>
  </div>
 </body>
</html>
