2640 4860
396 385 453 446 DE
475 384 823 445 SATISFAOTIONE.
1097 390 1154 446 185

110 555 178 612 114.
201 550 368 612 Curandum
379 561 463 612 estut
475 553 622 630 poenitenti
636 554 742 622 animo,
755 574 771 612 a
783 554 893 631 peccati
903 550 1007 613 affectu
1021 553 1154 623 immuni,

63 670 139 728 opus
152 653 309 731 injunctum
320 653 385 710 fiat:
406 653 458 711 sed
469 653 518 726 qui
532 652 601 711 illud
611 653 761 725 exequitur
773 664 891 729 peccato
903 653 1005 711 itemm
1019 653 1151 723 irretitus,

62 761 208 830 praecepto
228 752 395 821 confessarii
417 754 486 811 satis
509 753 602 810 facere
627 761 768 820 censetur,
792 753 924 825 quamvis
946 753 1038 811 smctu
1064 754 1155 831 poeui·

62 852 159 910 tentiae
179 870 232 909 sua
252 851 338 930 culpa
355 852 490 929 privetur,
511 860 539 909 et
558 860 660 928 peccet
677 851 835 921 venialiter,
849 851 929 910 obice
943 853 1037 930 posito
1057 854 1152 930 gratiae

61 951 272 1009 sacramentali.

106 1053 174 1108 115.
197 1050 255 1117 Qui
275 1050 448 1127 poenitentiae
471 1049 575 1108 oblitus
600 1057 653 1118 est,
675 1068 734 1108 non
754 1059 866 1107 tenetur
885 1047 920 1106 ad
941 1048 1153 1109 confessionem

63 1149 233 1217 iterandam,
244 1159 276 1206 ut
287 1168 361 1208 nova
374 1150 401 1206 ei
412 1144 598 1224 imponatur‚⁸
611 1167 677 1206 uam
690 1150 890 1226 gravissimum
903 1167 976 1206 onus
992 1147 1152 1225 repetendae

64 1248 266 1316 confessionis,
287 1247 401 1321 quaudo
421 1247 504 1306 venia
524 1256 704 1324 peccatomm
726 1257 770 1305 est
790 1247 881 1305 semel
900 1248 1058 1325 impetrata,
1071 1248 1152 1305 nullo

64 1349 201 1424 probatur
210 1348 392 1406 documento:
408 1344 460 1404 sed
470 1346 564 1415 debet,
576 1347 601 1403 si
609 1348 709 1422 possit,
718 1347 839 1405 eundem
849 1346 926 1405 adire
934 1347 1151 1414 confessarium,

62 1449 112 1519 qui
126 1448 223 1506 forsan
236 1448 409 1523 poenitentiae
422 1447 562 1522 impositae
575 1446 750 1505 recordetur.

104 1550 173 1605 116.
195 1547 366 1605 Poeniteutia
378 1564 435 1605 non
450 1546 673 1623 potentinaliam
687 1546 755 1603 licet
763 1547 938 1604 severiorem
952 1554 981 1602 et
992 1545 1150 1611 meliorem,

64 1647 243 1722 apoeniteute
253 1647 364 1715 mutari,
372 1664 459 1719 quum
464 1644 570 1722 judicis
578 1646 716 1703 sententia
726 1646 763 1702 sit
769 1645 931 1703 executioni
945 1643 1149 1702 demandanda.

62 1743 265 1803 Confessarius
285 1747 389 1821 poterit
401 1763 484 1817 aequa
503 1762 638 1802 excausa
651 1763 714 1802 eam
729 1745 758 1802 iu
773 1743 902 1802 tribunali
920 1752 1039 1812 mutare,
1055 1765 1089 1802 v:
1110 1764 1148 1822 g:

61 1845 87 1902 si
107 1844 194 1902 nimis
214 1843 251 1901 sit
271 1844 366 1912 ardua,
387 1845 433 1902 vel
453 1844 595 1921 poeuitous
616 1844 665 1902 vix
686 1862 748 1901 eam
768 1842 938 1920 impleturus
958 1844 1004 1900 sit.
1059 1845 1152 1902 Extra

63 1942 187 2002 tribunal
201 1961 259 2001 non
273 1941 356 2002 debet
369 1942 436 2017 quid
448 1952 566 2011 mutare,
581 1944 648 2014 quia
657 1943 797 2020 judicium
806 1944 869 2020 jam
881 1943 1006 2008 transii13
1021 1943 1151 2014 quamvis

61 2045 87 2101 si
101 2044 244 2119 poenitens
254 2042 378 2110 accedat,
386 2060 446 2100 rem
455 2041 508 2099 sibi
519 2050 688 2118 preceptum
701 2059 821 2114 querens
832 2059 864 2099 se
873 2059 930 2099 uon
940 2058 1025 2118 posse
1035 2041 1150 2114 exequi,

62 2143 177 2219 poterit,
192 2142 375 2214 inquisitione
396 2141 478 2208 sacta,
501 2140 577 2198 aliud
599 2159 672 2217 opus
693 2141 895 2200 satisfactionis
916 2141 1075 2218 adsignare,
1090 2159 1151 2199 mo·

61 2260 135 2301 neus
156 2250 189 2298 ut
208 2249 298 2298 totum
318 2241 421 2299 reserat
439 2242 469 2298 in
491 2240 625 2316 proxima
642 2241 834 2310 confessione,
853 2240 889 2298 ad
907 2240 1010 2318 judicii
1030 2242 1150 2300 sormam

60 2338 263 2401 inducendam.

103 2444 173 2499 117.
194 2440 277 2497 Alius
298 2438 432 2498 sacerdos
451 2457 510 2496 non
523 2438 607 2497 debet
626 2448 731 2497 temere
751 2440 921 2498 sententiam
944 2440 1065 2499 alienam
1079 2439 1152 2497 miti·

62 2557 139 2618 gare,
162 2537 208 2596 vel
234 2538 411 2610 aliquatenus
436 2547 557 2608 mutare,
578 2556 666 2612 quum
685 2538 790 2615 judicii
811 2539 944 2615 gravitas,
968 2548 997 2595 et
1018 2539 1150 2595 sauctitas

58 2638 228 2697 sacramenti
239 2646 324 2705 vetet,
338 2655 374 2695 ne
389 2636 459 2712 quid
471 2637 573 2696 leviter
594 2646 732 2696 mutetur:
748 2636 798 2694 sed
818 2638 842 2694 si
863 2635 1054 2694 confessarius
1074 2633 1149 2691 haud

62 2739 130 2796 satis
144 2735 298 2814 prudenter
310 2737 410 2814 egerit,
424 2736 470 2795 vel
490 2737 630 2813 poenitens
650 2737 834 2813 periclitetur,
848 2734 961 2812 poterit,
975 2752 1051 2792 novo
1072 2733 1153 2791 insti-¹

62 2848 121 2896 tuto
148 2838 292 2903 examine,
316 2855 419 2895 novam
445 2836 570 2913 proferre
596 2836 776 2894 sententiam.
825 2834 963 2902 Quinimo
989 2833 1014 2890 si
1040 2842 1152 2891 constet

63 2937 249 3014 paenitentem
268 2954 327 2995 non
347 2954 433 3012 posse
455 2953 529 3011 opus
552 2936 608 2993 sibi
630 2936 788 3012 injunctum
807 2933 921 3007 exequi,
936 2931 1045 2990 videtur
1066 2932 1151 2989 licere

63 3036 142 3093 alteri
168 3035 320 3104 sacerdoti,
341 3035 369 3092 in
397 3034 529 3093 tribunali
549 3045 653 3103 tamen,
678 3033 753 3092 aliud
781 3052 854 3110 opus
880 3031 971 3107 magis
992 3049 1150 3108 congruum

63 3134 222 3212 adsignare,
237 3137 345 3207 absque
364 3153 438 3192 nova
458 3143 638 3210 peccatorum
660 3133 865 3210 praeteritorum
887 3130 1080 3199 consessione,
1094 3131 1151 3188 uisi

62 3234 217 3310 specialem
238 3235 274 3292 ob
287 3252 413 3302 cansam,
425 3252 511 3306 quam
524 3234 673 3310 explorare
690 3242 803 3309 oportet
816 3241 844 3290 et
860 3231 1047 3309 perpendere,
1062 3231 1151 3309 purni-

62 3334 147 3391 tentia
160 3334 295 3410 imposita
307 3335 354 3391 sit.
389 3332 474 3399 Quod
488 3342 582 3390 autem
593 3351 666 3410 opus
680 3351 738 3391 non
752 3332 790 3390 sit
809 3333 907 3390 iterata
921 3331 1100 3390 consessione
1114 3349 1151 3389 ex

61 3449 94 3488 eo
107 3432 258 3491 deducitur
272 3432 349 3504 quod
362 3431 397 3490 de
418 3431 590 3509 obligatione
609 3431 664 3490 hac
685 3451 742 3490 non
762 3441 891 3500 constet;
915 3441 944 3489 et
961 3432 1073 3510 judicio
1090 3433 1151 3510 jam

61 3530 239 3613 facto,·uunc
259 3541 367 3590 tantum
386 3530 574 3608 judicandum
595 3540 639 3588 est
658 3540 751 3590 utrum
772 3532 913 3609 poenitens
931 3532 1102 3591 eximendus
1116 3534 1153 3589 sit

63 3630 96 3686 ab
110 3648 198 3689 onere
222 3632 368 3708 imposito.
403 3630 452 3688 Sic
465 3632 511 3688 cui
527 3631 683 3709 injunctum
698 3641 751 3699 est,
765 3640 797 3688 ut
809 3631 886 3700 fidei,
901 3631 973 3707 spei,
988 3640 1017 3688 et
1029 3631 1152 3687 caritatis

61 3738 139 3788 actus
155 3730 258 3797 eliciat,
274 3749 362 3803 quum
375 3748 426 3788 eos
446 3731 585 3788 memoria
605 3749 663 3788 non
677 3722 780 3797 teneat,
795 3749 848 3787 nec
862 3730 933 3787 sciat
952 3729 1057 3804 legere,
1071 3727 1152 3784 facile

62 3830 196 3886 eximitur
209 3831 316 3902 absque
327 3848 401 3887 novo
413 3848 505 3887 causat
519 3831 662 3889 examino.

103 3932 171 3986 118.
195 3929 293 3987 Nemo
312 3937 406 4004 potest
423 3947 474 4004 per
493 3929 612 3987 altemm
633 3926 829 4006 poeniteutiam
850 3925 904 3983 sibi
927 3924 1081 4000 injunctam
1102 3924 1155 3983 iur-

64 4026 158 4100 plerc3
179 4047 245 4087 nam
267 4026 375 4105 judicis
396 4029 535 4086 sententia
554 4047 635 4087 reum
658 4024 815 4100 adstringit,
830 4033 859 4081 et
880 4041 968 4097 quum
990 4022 1157 4098 poenitentia

66 4124 185 4185 remedii
198 4137 226 4184 et
246 4127 401 4204 punitionis
416 4127 474 4186 vim
487 4127 624 4195 obtineat,
639 4125 696 4202 ipsi
715 4131 822 4201 egroto
835 4132 862 4180 et
876 4140 924 4180 reo
938 4120 1087 4182 subeunda
1101 4130 1153 4183 est.

436 4334 479 4398 (1)
499 4333 525 4380 s.
535 4331 611 4396 Alph.
622 4332 637 4380 t.
649 4330 681 4380 vr.
693 4346 719 4382 n.
729 4331 786 4381 aar.

584 4432 645 4493 17*
