2640 4860
119 369 177 428 tto
462 357 519 419 DE
540 355 853 418 consumentu.

116 547 192 598 asse,
205 538 234 587 et
246 526 373 604 Spiritus
394 523 493 583 Sancti
511 524 679 603 impulsum,
698 542 758 584 non
769 522 864 582 adhuc
880 521 999 596 quidam
1012 524 1179 591 inhabitantis,

116 626 168 689 sed
180 636 288 686 nutum
301 624 456 693 moventis,
469 642 527 698 quo
547 624 688 702 poninus
707 622 819 701 adjutus
838 621 916 681 viam
936 624 993 683 sibi
1014 624 1052 683 ad
1065 624 1184 704 justitian

114 736 203 807 parat.
245 722 286 784 Et
298 724 428 797 quamvis
442 725 505 783 sina
518 737 695 783 sacramanto
714 722 890 800 ponitentiae
902 740 956 799 per
968 741 1003 782 se
1016 723 1053 783 ad
1067 724 1186 803 justifica·

113 828 221 887 donem
235 822 391 902 perducere
404 832 581 900 peecatorem
594 832 725 896 nequeat,
740 831 834 882 umen
847 840 914 882 eum
927 821 964 880 ad
976 822 1037 882 Dei
1046 824 1190 902 gratiamin

114 934 292 985 sacramento
306 923 479 1000 punitentia
497 920 702 1000 impetrandam
722 913 898 998 disponit.”¹
937 920 1087 996 Equidem
1099 942 1138 983 ex
1148 922 1193 981 his·

114 1025 185 1084 toria
197 1021 313 1084 concilii
326 1031 437 1082 constat
448 1040 548 1081 vocem
562 1021 672 1101 sufficit
683 1021 805 1081 deletam
815 1038 879 1078 esse
892 1031 1007 1098 patrum
1018 1021 1195 1096 quornmdm

114 1135 225 1202 rogatu,
239 1131 269 1182 et
280 1121 347 1182 loco
360 1123 422 1198 ejus
442 1120 577 1200 disponit
597 1122 731 1199 positam,
745 1139 782 1180 ne
795 1120 990 1180 controversia
1001 1120 1039 1180 de
1052 1122 1194 1182 attritionis

113 1222 287 1283 sufficientia
300 1220 441 1298 dirempta
453 1238 589 1299 supremo
603 1219 715 1298 judicio
728 1219 888 1279 videretur:
909 1219 963 1278 sed
981 1221 1125 1280 sermonis
1138 1239 1197 1280 oon·

115 1332 208 1382 textus
233 1319 357 1381 ostendit
375 1319 411 1378 de
434 1319 622 1396 dispositione
650 1320 782 1397 proxima
801 1319 858 1396 agi,
884 1336 948 1390 qua
973 1319 1004 1378 iu
1029 1329 1200 1380 sacramamo

114 1423 232 1499 gratiam
246 1421 386 1496 impetrat.
427 1417 515 1486 Quod
536 1428 630 1478 autem
650 1419 804 1478 concilium
817 1417 853 1476 de
865 1417 1041 1494 baptizando
1054 1418 1132 1478 dicat
1142 1438 1201 1479 enm

115 1519 211 1580 mum
226 1531 370 1591 tamquam
383 1518 478 1578 omnis
487 1518 606 1595 justitia
619 1517 728 1577 sontem
748 1517 867 1594 diligere
886 1517 1027 1594 incipere,
1048 1535 1107 1577 non
1120 1518 1201 1578 officit

115 1619 264 1678 attritionis
277 1614 467 1686 sufficientiae,
481 1619 543 1677 sive
556 1617 586 1676 in
598 1617 749 1694 baptismo,
770 1616 831 1674 sive
844 1616 874 1674 in
886 1617 1065 1694 paenitentia,
1078 1619 1200 1691 namqui

115 1717 201 1777 etiam
214 1735 252 1777 cx
271 1715 410 1794 gebenna
430 1726 509 1776 metu
529 1725 678 1794 peccatum
700 1715 864 1783 detestatur,
878 1725 908 1774 et
919 1715 1061 1792 peccandi
1073 1716 1201 1775 affectum

114 1814 242 1895 deponit,
256 1815 358 1893 incipit
370 1817 467 1876 Deum
481 1818 520 1875 ita
532 1816 661 1893 diligere,
675 1833 764 1889 quum
783 1813 820 1874 ad
838 1833 905 1874 eum
924 1825 1074 1889 tamquam
1089 1817 1200 1894 justitia

115 1925 259 1976 auctorem
272 1925 302 1976 et
313 1914 440 1976 datorem
452 1925 639 1976 convertatur.
661 1914 751 1973 Favet
762 1914 830 1973 huic
842 1915 990 1973 annuntia
1004 1915 1038 1974 S.
1053 1914 1199 1975 Thomas:

116 2017 180 2075 “Si
194 2026 258 2075 ante
278 2016 484 2074 absolutionem
505 2014 608 2088 aliquis
631 2032 690 2073 non
711 2015 814 2073 suisset
832 2014 956 2092 perfecte
984 2014 1145 2092 dispositus
1170 2013 1201 2072 ad

113 2116 231 2192 gratiam
244 2113 466 2190 suscipiendam,
478 2115 507 2172 in
518 2113 582 2190 ipsa
591 2112 772 2172 confessione
782 2122 811 2170 et
820 2113 998 2173 absolutione
1007 2113 1201 2173 sacramentali

112 2214 230 2290 gratiam
244 2221 475 2285 consequeretur,
490 2213 515 2270 si
528 2212 640 2270 obicem
653 2231 711 2270 non
721 2206 890 2288 poneret.'’²
908 2211 1057 2286 Equidem
1070 2213 1201 2291 flagrante

114 2312 143 2370 in
156 2309 264 2368 scholis
277 2311 478 2378 controversia,
500 2312 588 2369 vetuit
606 2310 770 2370 Alexander
783 2312 852 2371 VII.
867 2310 913 2370 die
927 2317 945 2370 5
960 2311 1037 2390 Maji
1052 2315 1142 2381 1677,
1155 2311 1202 2370 sub

110 2408 414 2468 excommunicationis
427 2428 512 2486 poena
525 2409 595 2468 Sedi
608 2410 786 2487 Apostolicae
803 2409 955 2479 reservata,
969 2429 1006 2469 ne
1023 2412 1089 2484 quis
1104 2411 1201 2469 audeat

112 2508 235 2586 alicujus
248 2507 417 2586 neologieae
430 2527 568 2579 censurae,
583 2509 734 2569 alteriusve
747 2510 858 2588 injuria
878 2518 926 2568 aut
944 2511 1126 2569 contumelia
1140 2519 1202 2569 nota

113 2618 209 2669 taxare
222 2607 381 2667 alterutram
395 2610 575 2677 sententiam,
598 2611 658 2667 sive
679 2618 829 2687 negantem
849 2609 1050 2667 necessitatem
1071 2609 1199 2682 aliqualis

113 2707 273 2768 dilectionis
287 2707 345 2767 Dei
358 2710 389 2768 in
402 2709 542 2768 attritione
562 2726 599 2766 ex
619 2717 696 2767 metu
716 2708 855 2786 gehenna
869 2717 1017 2785 concepta,
1039 2726 1103 2780 quaa
1117 2707 1200 2767 hodie

112 2809 187 2871 inter
203 2808 389 2868 scholasticos
409 2809 590 2868 communior
608 2807 728 2877 videtur,
748 2808 809 2866 sive
832 2816 1007 2866 asserentem
1021 2807 1105 2866 dicta
1118 2808 1201 2867 dilcc-

112 2908 199 2968 tionis
218 2907 450 2968 necessitatem.'’

151 3011 202 3066 23.
222 3006 270 3067 Ad
282 3009 395 3085 praxim
408 3006 485 3080 quod
499 3007 603 3075 attinet,
619 3025 769 3066 censemus
782 3006 891 3066 nemini
903 3004 1101 3082 denegandam
1123 3006 1201 3065 abso·

112 3106 260 3175 lotionem,
287 3110 336 3179 qui
359 3108 467 3165 attritus
497 3116 556 3164 est:
578 3125 644 3166 nam
670 3108 774 3185 injuria
792 3106 820 3164 ei
844 3106 934 3174 fieret,
954 3105 1066 3164 nullum
1093 3114 1201 3164 certum

112 3205 224 3264 obicem
238 3206 334 3282 gratie
348 3205 516 3263 sacramenti
536 3205 699 3280 objicienti:
721 3215 750 3263 et
767 3205 863 3264 tutiori
882 3206 1028 3263 sentcntiae
1042 3204 1078 3262 de
1091 3206 1127 3264 iis
1141 3223 1201 3277 quae

112 3312 242 3378 spectant
255 3302 290 3360 ad
304 3302 430 3361 valorem
443 3304 614 3361 sacramenti
637 3322 696 3362 non
717 3313 761 3362 est
782 3302 976 3364 inherendum
997 3323 1064 3362 cum
1078 3305 1201 3381 proximi

111 3400 225 3477 injuria,
240 3401 286 3459 cui
300 3402 440 3459 sententia
452 3401 579 3459 maxime
592 3403 753 3478 probabalis
767 3414 805 3472 et,
821 3405 906 3481 juxta
925 3403 1089 3479 plerosque,
1113 3413 1198 3471 certa,

111 3498 195 3558 lavet.
237 3497 381 3573 Equidem
408 3500 446 3557 ita
473 3500 532 3558 sere
552 3519 654 3560 omnes
686 3504 853 3562 confessarii
872 3521 955 3579 agere
981 3514 1200 3561 consueverunt.

111 3599 245 3659 Attamen
265 3598 379 3658 Rituale
399 3599 562 3659 Romanum
593 3602 750 3678 praescribit
769 3602 944 3661 confessario
964 3612 996 3660 ut
1015 3604 1201 3679 penitentem

113 3699 178 3760 “ad
192 3698 319 3760 dolorem
332 3709 360 3758 et
372 3679 571 3765 contritionem
591 3700 754 3761 efficacibus
774 3703 867 3760 verbis
888 3701 1027 3759 adducere
1040 3700 1198 3761 conetur:”

113 3811 286 3879 quapropter
299 3800 446 3878 diligentia
458 3801 487 3859 in
502 3819 536 3860 eo
549 3801 733 3871 desideratur,
744 3802 786 3861 uti
800 3801 913 3859 adnotat
926 3801 1101 3860 Benedictus
1115 3802 1198 3861 XIV.

150 3906 200 3960 24.
223 3900 365 3963 contritio
378 3910 516 3980 concepta
528 3920 566 3960 ex
577 3921 723 3980 poenarum
746 3909 823 3961 metu
844 3901 1010 3978 intelligitur
1023 3921 1039 3960 a
1053 3902 1197 3961 nonnullis

110 3997 146 4057 de
159 4002 253 4076 pennis
266 4001 468 4079 temporalibus
488 4010 573 4079 prout
592 4003 760 4079 infliguntur
780 4021 797 4059 a
818 4000 894 4069 Deo,
914 4001 1055 4061 scelerum
1069 4000 1197 4060 vindice:

109 4095 184 4156 sicut
204 4099 349 4160 Ninivitas
369 4101 510 4179 poenituit,
530 4103 608 4161 urbis
631 4103 808 4161 eversionem
829 4101 923 4160 aDeo
936 4101 1007 4160 irato
1020 4110 1197 4160 metuentes:

144 4315 187 4380 (l)
206 4313 271 4365 Sese.
282 4317 331 4368 xiv.
341 4333 394 4383 cap.
405 4319 437 4371 iv.
447 4319 644 4388 drpoemtauts'o.
725 4324 767 4389 (2)
782 4323 869 4388 Suppl.
879 4322 913 4374 iii.
924 4338 948 4388 p.
960 4338 1001 4388 qu.
1013 4322 1081 4375 xviii.
1092 4329 1136 4375 ars
1147 4323 1163 4375 i.
