2640 4860
311 385 368 445 DE
388 383 573 445 MUNERE
595 382 884 445 CONFESSARII.
1084 396 1144 452 227

50 563 99 613 est
124 562 218 612 tamen
244 551 414 611 sacramenti
445 550 600 610 simulatio.
641 552 674 610 Si
699 552 797 610 notitia
829 550 996 612 confessarii
1028 556 1145 616 aliorum

47 653 189 712 relatione
202 651 314 720 nitatur,
328 651 496 728 plerumque
514 650 586 709 fides
600 651 748 727 poenitenti
761 668 819 726 pre
842 652 906 710 aliis
920 651 1078 712 adhibenda
1091 667 1144 723 est,

52 753 213 829 praesertim
226 751 251 808 si
266 750 353 809 errori
372 751 410 808 sit
422 751 520 808 locus:
536 770 589 809 nec
608 749 692 809 facile
705 749 788 807 debet
801 750 935 828 denegari
955 753 1097 812 absolutio
1110 756 1147 812 ob

50 868 193 918 rumores,
208 850 253 907 vel
263 850 415 908 relationes
429 849 553 907 alienas:
568 848 619 906 sed
633 851 681 907 ubi
695 855 779 906 testes
793 859 860 906 sunt
879 851 959 908 omni
973 855 1145 930 exceptione

51 950 189 1027 majores,
202 967 260 1007 non
271 957 365 1024 potest
377 948 438 1006 dari
451 950 479 1006 ei
493 949 544 1021 qui
552 947 686 1007 delictum
697 957 805 1006 certum
815 957 924 1007 tacetet
936 962 1021 1026 negat
1033 971 1040 1008 :
1057 960 1145 1011 “nam

53 1049 184 1125 regulam
198 1048 276 1107 illam
291 1047 368 1120 quod
381 1047 554 1106 credendum
564 1047 601 1104 sit
614 1048 772 1124 poenitenti,
788 1046 852 1105 dico
865 1047 1019 1124 procedere
1030 1051 1146 1122 quidem

53 1149 130 1206 inre
149 1147 244 1216 dubia,
258 1164 317 1205 non
330 1165 398 1204 vero
411 1148 441 1205 in
459 1164 489 1204 re
509 1147 654 1204 moraliter
675 1155 760 1215 certa,
776 1147 892 1205 moralis
911 1149 987 1205 enim
1009 1149 1147 1208 certitudo

54 1265 126 1304 vera
139 1245 276 1305 certitudo
289 1238 381 1303 est.''¹

381 1480 406 1554 §.
421 1478 477 1538 111.
518 1478 567 1538 De
587 1494 816 1538 nonrrronraos.

94 1652 167 1706 217.
187 1646 325 1706 Absoluta
337 1647 519 1706 confessione
532 1648 743 1725 objurgationes
757 1645 891 1705 facieudae
902 1657 977 1717 sunt,
987 1651 1012 1707 si
1021 1651 1056 1707 iis
1067 1668 1141 1727 opus

56 1749 112 1806 sit:
137 1747 270 1819 aquibus
284 1745 452 1822 plerumque
464 1745 661 1804 abstinendum
675 1754 727 1812 est,
741 1763 778 1802 ne
792 1745 969 1805 exulceretur
981 1750 1144 1823 poenitentis

55 1847 181 1904 animus.
222 1844 366 1918 Equidem
381 1845 406 1903 si
419 1847 531 1904 noverit
542 1846 590 1903 hic
604 1854 786 1920 peccatorqm
802 1863 918 1929 suorum
932 1848 1107 1923 gravitatem,
1119 1857 1148 1905 et

55 1944 219 2012 detestetur,
240 1943 434 2002 consolatione
457 1945 552 2021 potius
577 1951 651 2019 eget,
670 1962 706 2001 ne
733 1943 928 2003 abundantiori
960 1946 1144 2005 absorbeatur

55 2043 179 2101 tristitia.
221 2043 273 2102 llle
297 2051 404 2119 tantum
416 2043 609 2121 objurgandus
630 2051 683 2111 est,
699 2043 745 2100 cui
765 2045 873 2118 peccati
895 2045 1001 2102 malitia
1023 2064 1080 2104 non
1104 2056 1150 2103 est

57 2152 220 2223 perspecta,
233 2151 262 2199 et
275 2143 452 2218 propositum
473 2152 501 2200 et
519 2142 600 2200 dolor
611 2140 724 2209 desunt,
738 2142 788 2214 qui
802 2163 818 2200 a
830 2143 1005 2202 confessario
1024 2146 1149 2203 excitan-

57 2239 113 2299 dus
124 2250 179 2308 est,
191 2249 220 2299 ut
232 2259 248 2299 e
258 2241 366 2314 laqueis
377 2259 408 2298 se
416 2241 516 2317 eripiat
525 2247 720 2317 quantocyus:
735 2241 787 2298 sed
797 2243 964 2318 plerumque
974 2243 1152 2304 hortamenta

58 2359 118 2417 prre
144 2339 384 2417 increpationibus
410 2340 514 2398 valent.
557 2341 591 2399 ln
617 2339 775 2397 excitandis
802 2341 857 2416 piis
879 2342 965 2400 animi
991 2343 1149 2410 affectibus,

58 2438 169 2506 dolore,
197 2439 355 2514 proposito,
380 2456 477 2497 amore
508 2438 573 2506 Dei,
599 2455 734 2516 magnum
758 2439 921 2514 ponendum
951 2449 994 2497 cst
1014 2442 1148 2500 studium.

60 2545 80 2572 ‘⁶
92 2537 294 2595 Confessarius
306 2547 423 2607 tenetur,
435 2547 572 2610 quantum
585 2545 688 2613 potest,
701 2535 735 2592 ad
747 2536 956 2612 disponendum
966 2555 1049 2595 suum
1060 2541 1149 2614 preni-

59 2645 177 2702 tentem,
191 2637 242 2708 qui
254 2635 440 2713 indispositus
456 2635 573 2694 accedit.
615 2633 756 2700 Quocirca
768 2636 867 2692 nescio
878 2633 1022 2707 quomodo
1036 2655 1053 2691 a
1066 2635 1150 2712 culpa

58 2735 191 2793 excusari
215 2735 327 2811 possint
355 2734 469 2792 desides
496 2735 536 2792 illi
562 2733 739 2800 confessarii,
766 2734 816 2804 qui
842 2734 936 2790 statim
963 2751 995 2789 ac
1021 2735 1151 2792 noverint

59 2834 243 2910 poenitentem
258 2852 315 2891 non
332 2833 400 2890 satis
414 2831 595 2909 dispositum,
610 2833 764 2900 dimittunt,
779 2831 855 2888 nulla
876 2839 923 2888 aut
935 2830 1017 2889 valde
1037 2831 1150 2890 modica

59 2933 209 3008 praemissa
228 2933 374 3008 diligentia
391 2929 427 2988 ad
449 2950 515 2990 eum
535 2930 703 2989 curandum.
745 2930 821 2988 Dico
841 2930 927 2996 enirn,
942 2930 1018 3002 quod
1040 2931 1151 2988 confes-

59 3030 153 3088 sarius
180 3040 290 3089 tenetur
313 3049 351 3089 ex
373 3031 500 3106 rigorosa
525 3031 698 3106 obligatione
725 3029 869 3087 charitatis
896 3047 961 3086 eum
995 3029 1149 3107 disponere

59 3139 198 3203 quantum
230 3131 314 3198 valet,
341 3129 513 3205 exponendo
546 3130 603 3205 ipsi
634 3128 840 3187 deformitatem
873 3128 991 3203 peccati,
1026 3129 1151 3188 valorem

59 3229 163 3286 divinae
183 3230 288 3306 gratim,
312 3228 471 3305 periculum
494 3227 693 3295 damnationis,
714 3236 742 3285 et
764 3227 877 3293 similia,
897 3228 1010 3286 etiamsi
1030 3230 1150 3288 multum

60 3328 198 3404 temporis
211 3330 242 3387 in
255 3328 309 3387 hoc
329 3327 494 3403 impendere
508 3327 617 3386 debeat.
660 3328 724 3385 Nec
745 3327 771 3384 ei
790 3345 864 3384 curoe
882 3345 945 3385 esse
968 3328 1060 3396 debet,
1075 3329 1151 3402 quod

60 3427 108 3485 alii
122 3428 292 3502 penitentes
305 3435 475 3505 expectent:
490 3445 556 3484 narn
571 3436 636 3484 tunc
656 3425 846 3485 confessarius
862 3444 920 3484 non
934 3437 1045 3487 tenetur
1064 3438 1151 3487 atten-

61 3527 128 3584 dere
143 3525 178 3583 ad
191 3528 298 3586 bonum
315 3527 446 3594 aliorum,
461 3525 512 3583 sed
526 3533 633 3584 tantum
647 3527 692 3585 sui
709 3526 883 3602 paenitentis,
898 3545 950 3603 pro
965 3546 1022 3600 quo
1043 3538 1150 3585 tantum

61 3625 110 3684 ille
123 3635 201 3693 tunc,
213 3644 271 3685 non
282 3624 349 3685 verd
364 3644 415 3703 pro
429 3625 503 3692 aliis,
512 3627 652 3683 rationem
666 3635 711 3683 est
723 3624 787 3683 Deo
801 3618 1011 3694 redditurus.”²

99 3728 169 3782 218.
191 3725 355 3784 Monendus
379 3734 423 3782 est
445 3725 585 3801 poenitens
604 3725 653 3798 qui
676 3743 728 3781 sua
740 3723 825 3798 culpa
844 3723 954 3797 ignorat
976 3741 1040 3795 quae
1055 3722 1148 3780 facere

62 3832 188 3882 tenetur:
216 3824 260 3883 vel
281 3825 341 3899 qui,
362 3825 473 3882 etiarnsi
493 3824 601 3896 absque
630 3824 725 3899 culpa,
746 3823 858 3898 ignorat
880 3840 944 3893 quae
970 3819 1146 3878 adsalutem

63 3923 182 3981 omnino
207 3924 367 3983 necessaria
385 3931 461 3992 sunt,
483 3941 545 3990 seu,
565 3923 607 3980 uti
627 3922 734 3988 dicunt,
755 3919 923 3978 necessitate
946 3918 1051 3976 medii:
1079 3937 1147 3976 11111

64 4021 222 4097 ignorantia
235 4041 298 4095 quae
318 4042 383 4081 cum
398 4030 515 4099 peccato
534 4022 687 4099 conjuncta
706 4027 760 4087 est,
775 4018 857 4075 obest
882 4017 985 4084 saluti3
1010 4025 1038 4074 et
1058 4017 1086 4075 in
1113 4017 1149 4074 iis

66 4137 126 4190 quae
139 4123 299 4180 necessaria
312 4135 378 4180 sunt
397 4122 469 4192 scitu
489 4121 656 4198 ignorantia,
671 4117 800 4191 quamvis
821 4136 838 4173 a
851 4116 935 4192 culpa
948 4124 1077 4185 excuset,
1092 4135 1150 4175 non

199 4326 242 4391 (l)
262 4323 288 4375 S.
299 4325 374 4390 Alph.
385 4326 402 4376 1.
413 4325 444 4374 vi.
455 4341 481 4374 11.
493 4326 551 4374 631.
750 4321 791 4387 (2)
810 4318 909 4378 Ibidem,
920 4333 945 4368 n.
957 4319 1015 4368 608.
