2640 4860
420 1052 781 1132 APPENDIX
832 1056 892 1132 II.

511 1316 815 1326 ...-—-—————

363 1497 577 1561 CANONES
614 1500 945 1566 POENITENTIAE.

111 1694 226 1737 PLacET
238 1693 424 1736 LECTORIBUS
438 1695 598 1738 suntlcssnu
606 1697 745 1740 GANONES
753 1700 957 1744 POENITENTIAE
967 1700 1039 1744 omn
1051 1701 1084 1744 IN
1097 1701 1202 1744 ECCLE·

185 1781 235 1821 SIA
249 1779 407 1829 VIGENTES,
420 1781 461 1822 UT
473 1782 546 1823 INDE
560 1782 685 1825 SUMANT
697 1784 891 1828 occaswnam
909 1786 1129 1829 POENITENTIUM

285 1863 419 1906 STUDIUM
431 1866 635 1917 ACCENDENDI,
648 1868 688 1909 UT
701 1869 775 1910 SUAE
789 1869 890 1911 LUAN'I'
907 1870 1028 1912 ortLPtls.

393 2169 595 2266 canorius
625 2207 922 2268 rmurruuruu

113 2406 287 2483 Spectantes
295 2410 419 2483 peceato
427 2402 673 2480 controprimunt
682 2401 1018 2484 Decologipreeceptnm
1029 2411 1199 2471 commisso.

150 2572 209 2638 Qui
223 2591 240 2630 a
252 2570 308 2629 fide
322 2569 473 2628 Catholica
480 2570 653 2638 desciscens,
668 2570 770 2628 intimo
778 2588 949 2642 summoque
960 2576 1199 2647 praevaricationis

110 2689 168 2728 suae
182 2670 283 2730 dolore
303 2670 421 2729 affectus
435 2669 647 2729 adEcelesiam
668 2668 792 2737 redierit,
814 2670 1011 2746 poenitentiam
1031 2682 1097 2749 aget
1116 2677 1198 2733 annis

111 2769 220 2829 decem.

150 2870 210 2936 Qui
223 2887 302 2928 more
313 2868 460 2946 gentilium
469 2870 612 2928 elementa
621 2867 756 2936 coluerim
778 2866 826 2939 qui
836 2865 881 2924 vel
894 2867 1036 2944 segetibus
1051 2868 1198 2939 faciendis,

110 2970 154 3027 vel
167 2969 277 3028 aedibus
291 2967 467 3037 extruendis,
481 2968 527 3027 vel
541 2968 687 3027 arboribus
701 2965 841 3035 serendis,
855 2966 900 3023 vel
912 2966 1020 3042 nuptiis
1033 2969 1199 3029 contrahen-

109 3068 164 3135 dis,
178 3071 295 3128 inanem
308 3067 456 3144 signorum
464 3067 603 3126 fallaciam
612 3065 812 3133 observaverit,
825 3066 1019 3142 penitentiam
1033 3077 1098 3144 aget
1109 3087 1198 3129 annos

111 3168 183 3227 duos
198 3169 276 3226 seriis
289 3167 436 3244 legitimis.
1170 3242 1173 3247 Ι

146 3264 250 3326 Nota.-
265 3267 356 3326 Feriee
364 3265 509 3342 legitime,
518 3272 591 3324 sunt
603 3263 745 3332 secunda,
757 3271 877 3342 quarto,
890 3271 1027 3335 etsexta,
1040 3259 1200 3343 Canum
1226 3318 1233 3329 ,

110 3365 229 3446 legibus
238 3364 608 3446 ponitentiaejey‘unioque
619 3363 654 3422 in
661 3380 743 3443 pone
757 3370 786 3422 et
798 3381 879 3442 aqua
892 3372 1079 3426 consecrate.
1160 3340 1201 3417 {l

150 3467 210 3532 Qui
219 3467 344 3543 auguriis
351 3455 610 3524 et'divinationibus
618 3463 757 3532 servierit,
769 3465 855 3538 quive
863 3464 1068 3526 incantationes
1082 3465 1200 3527 diaboli·
1214 3452 1220 3461 ’

110 3585 158 3623 eas
171 3566 281 3633 feeerit,
295 3566 436 3642 poenitens
450 3565 502 3623 erit
514 3583 604 3623 annos
617 3571 738 3639 septem.

148 3664 259 3723 Mulier
267 3665 435 3722 incantatrix
448 3664 643 3740 poenitentiam
655 3671 721 3740 aget
733 3680 849 3720 annum.

150 3765 208 3831 Qui
217 3763 320 3822 herbae
330 3763 515 3822 medicinales
523 3781 589 3823 eum
597 3760 831 3822 incantationibus
838 3758 992 3847 collegerit,
1001 3759 1197 3836 poenitentiam

110 3862 249 3942 agetdies
262 3863 375 3940 viginti.
932 3886 982 3967 b

150 3963 209 4029 Qui
222 3981 322 4040 magos
336 3960 519 4032 consuluerit,
531 3961 617 4034 quive
630 3959 749 4018 domum
759 3973 841 4014 suam
851 3952 1198 4028 conduxeritaliquidarte

110 4063 221 4140 magica
233 4060 402 4135 exquirendi
416 4079 510 4129 eausa,
524 4061 553 4118 in
567 4056 732 4136 poenitentia
744 4055 797 4113 erit
808 4071 900 4113 annos
913 4055 1049 4127 quinque.

150 4161 209 4229 Qui
222 4161 299 4221 edes
313 4161 432 4237 magieis
451 4159 627 4219 cautionibus
647 4157 756 4223 lustrat,
771 4152 883 4212 aliudve
896 4152 950 4210 tale
963 4151 1094 4221 admittit,
1108 4156 1199 4230 etqui

110 4260 137 4317 ei
150 4262 302 4329 consentit,
316 4260 402 4334 quive
416 4259 548 4329 consulit,
562 4260 594 4319 in
606 4253 773 4334 penitentia
785 4254 839 4313 erit
851 4270 941 4311 annos
956 4251 1094 4328 quinque.
