2640 4860
494 357 554 418 DE
574 354 822 419 PROPOSITO.

547 810 689 871 CAPUT
709 809 766 870 Ill.

535 1027 574 1068 DE
595 1024 765 1068 ΡΒΟΡΟΒΙΤΟ.

152 1190 204 1247 26.
227 1186 409 1265 Propositum
434 1205 493 1245 uon
512 1186 651 1265 peccandi
670 1185 706 1246 dc
730 1195 832 1245 cetero
858 1184 966 1259 requiri
992 1185 1022 1244 in
1047 1184 1187 1262 preniteute

114 1297 226 1347 constat
251 1304 288 1345 ex
307 1285 428 1345 concilio
448 1282 646 1346 Tridentino.¹
686 1285 761 1345 lllud
787 1283 894 1344 includi
913 1282 1076 1344 necessarii
1095 1285 1191 1361 inipso

111 1385 290 1446 contritionis
302 1395 381 1444 motu
393 1403 495 1444 omues
508 1386 592 1445 facile
605 1385 780 1453 concedunt;
800 1403 854 1443 uec
874 1383 952 1443 enim
972 1402 1042 1443 eum
1062 1402 1131 1443 vere
1146 1400 1194 1460 pe·

111 1486 183 1544 nitet
196 1484 395 1552 admissorum,
409 1485 459 1559 qui
471 1503 506 1542 ea
518 1485 549 1544 in
561 1495 709 1563 posterum
723 1485 810 1543 vitare
830 1482 958 1542 nonsibi
971 1485 1129 1562 proponit:
1149 1479 1193 1539 sed

112 1594 206 1643 utrum
220 1582 347 1662 speciale
360 1585 539 1661 propositum
553 1584 724 1644 eliciendum
744 1584 782 1642 sit
797 1582 965 1660 disputatur.
1009 1582 1113 1642 Placet
1123 1580 1196 1641 nobis

111 1683 253 1741 sententia
276 1681 308 1738 S.
331 1682 486 1760 ulpiani,
507 1702 595 1757 quem
613 1684 717 1743 ducem
739 1682 769 1740 in
790 1682 935 1760 plerisque
955 1682 1117 1755 sequimur,
1143 1697 1198 1758 pro

110 1782 237 1859 positum
251 1779 423 1843 eliciendum
437 1801 502 1842 esse
515 1783 586 1842 side
599 1783 694 1842 sutura
707 1789 835 1842 occurrat
846 1776 1011 1859 cogitatio,5¹
1023 1799 1092 1840 nam
1103 1779 1199 1839 securi·

112 1880 161 1939 tati
175 1899 234 1939 sue
246 1888 275 1938 et
288 1881 378 1941 valoti
391 1885 559 1942 sacramenti
580 1880 789 1942 consulendum
802 1889 846 1938 est
858 1881 955 1940 tutiori
968 1879 1099 1939 ratione:
1120 1877 1170 1938 sed
1180 1876 1201 1935 si

110 1980 177 2054 quis
191 1998 258 2039 vere
272 1979 404 2050 doluerit,
418 1991 447 2039 et
459 1992 576 2059 peccata
588 1981 737 2040 coufessus
751 1978 961 2057 absolutionem
973 1981 1129 2057 receperit,
1148 1995 1200 2039 non

110 2089 244 2155 putamus
258 2095 325 2137 curn
340 2080 436 2138 animo
459 2081 526 2156 angi
547 2081 661 2148 debere,
675 2080 730 2139 etsi
742 2079 886 2138 existimet
898 2096 930 2136 se
945 2079 1130 2156 propositum
1145 2095 1202 2156 spe·

110 2175 219 2234 cialiter
232 2173 308 2233 haud
319 2176 468 2235 elicuisse:
490 2196 556 2238 nam
577 2179 607 2236 in
624 2196 691 2238 vera
710 2178 876 2237 contritione
896 2177 1060 2237 necessarii)
1080 2178 1167 2247 inest,
1179 2183 1206 2258 et¹

110 2272 314 2333 verosimiliter
339 2275 464 2336 elicitum
485 2274 549 2346 luit,
568 2277 638 2335 licet
657 2279 720 2355 ejus
743 2295 802 2337 non
821 2276 997 2337 recordetur.
1040 2278 1100 2345 Qui
1114 2285 1203 2336 autem

109 2371 191 2432 novit
202 2388 235 2429 se
248 2373 427 2449 propositum
450 2375 527 2434 haud
547 2375 690 2446 elicuisse,
712 2395 805 2450 eoque
825 2378 951 2436 caruisse
972 2376 1097 2446 videtur,
1117 2376 1203 2436 utiex

111 2469 190 2532 facili
202 2470 286 2548 lapsu
309 2473 450 2550 suspicari
471 2483 525 2544 est,
547 2474 632 2534 debet
650 2476 736 2534 saluti
758 2494 817 2534 suae
836 2477 998 2545 consulere,
1022 2475 1203 2536 confessione

111 2569 249 2632 iteranda.

151 2678 202 2732 27.
224 2669 354 2747 Firmum
378 2672 415 2730 sit
434 2673 613 2751 propositum
627 2691 745 2733 necesse
758 2682 812 2742 est,
826 2692 931 2751 nempe
952 2675 1098 2750 poenitens
1124 2672 1205 2733 debet

112 2773 231 2830 omuino
242 2771 338 2829 animo
350 2756 643 2851 itaessedispositus,
653 2782 685 2831 ut
697 2773 804 2832 nullius
817 2774 885 2831 mali
898 2774 1011 2842 timore,
1020 2774 1129 2832 nullius
1139 2772 1204 2832 boni

112 2870 258 2947 cupidine,
272 2870 342 2929 velit
354 2871 384 2930 in
398 2882 544 2948 posterum
554 2852 672 2950 peccare
686 2872 836 2930 lethaliter.
878 2873 1010 2930 Necesse
1020 2871 1138 2945 quidem
1147 2890 1203 2930 non

111 2980 155 3027 est
168 2980 200 3029 ut
213 2967 288 3027 certd
301 2970 356 3030 sibi
376 2972 554 3048 persuadeat,
569 2991 600 3030 se
621 2990 766 3045 nunquam
786 2972 981 3048 relapsurum3
1003 2972 1056 3030 sed
1073 2971 1157 3030 debet
1174 2969 1204 3029 id

112 3069 167 3127 sibi
181 3087 352 3147 proponere,
367 3072 437 3130 etin
459 3074 555 3132 auimo
569 3072 673 3131 habere
696 3072 797 3133 omuiass
809 3071 944 3141 adhibere
958 3070 1087 3152 subsidia
1100 3072 1202 3144 quibus

111 3178 260 3243 peccatum
275 3169 370 3226 evitet.
412 3170 499 3236 Quod
509 3173 534 3229 si
547 3172 691 3230 existimet
702 3189 734 3228 se
749 3169 825 3230 certd
839 3170 1028 3248 relapsurum,
1042 3171 1093 3229 vix
1107 3189 1204 3229 neces·

110 3266 218 3324 sarium
244 3268 424 3343 propositum
445 3268 548 3327 habere
574 3270 739 3329 censendus
754 3280 816 3328 est:
838 3288 904 3329 nam
924 3271 971 3328 vel
989 3289 1049 3330 non
1069 3271 1204 3347 proponit

110 3365 275 3421 necessaria
287 3365 423 3423 adhibere
445 3366 602 3444 fragilitatis
615 3369 752 3438 remedia,
766 3370 812 3428 vel
825 3369 890 3429 Deo
905 3368 1027 3448 adjutori
1046 3388 1107 3429 uon
1129 3368 1200 3428 fidit.

110 3459 190 3521 Fieri
204 3460 319 3534 quidem
334 3473 430 3538 potest
441 3475 474 3523 ut
487 3484 545 3525 suae
559 3466 718 3562 iggilitatis
732 3470 876 3545 conscius,
891 3470 986 3528 velex
1006 3471 1111 3528 mentis
1125 3469 1201 3529 infir·

110 3561 218 3630 mitate,
234 3560 284 3619 vix
298 3559 398 3621 audeat
409 3564 465 3622 sibi
483 3567 614 3642 polliceri
627 3568 656 3626 in
670 3569 746 3627 bono
766 3570 916 3646 proposito
937 3570 1199 3646 perseverantiam:

109 3679 174 3735 quae
188 3661 293 3721 mentis
307 3662 475 3722 incertitudo
493 3684 550 3725 non
564 3667 676 3726 videtur
688 3667 808 3736 obstare,
822 3668 848 3726 si
860 3668 929 3727 velit
940 3666 1068 3726 remedia
1080 3667 1201 3726 fideliter

110 3761 258 3831 adhibere,
273 3771 302 3821 et
314 3761 370 3824 Dei
383 3763 519 3824 auxilinm
531 3767 616 3826 enixe
630 3774 716 3844 petat.

149 3866 199 3922 28.
227 3861 401 3923 Universalc
414 3862 498 3923 debet
517 3883 580 3924 esse
593 3866 784 3943 propositum,
799 3882 876 3933 uam,
891 3863 1009 3924 docente
1023 3865 1056 3923 S.
1072 3864 1197 3931 Thoma,

110 3963 307 4035 “poenitentia
319 3962 355 4022 dc
368 3965 492 4042 peccatis
512 3966 677 4024 mortalibus
697 3964 825 4036 requirit,
840 3961 918 4037 quod
939 3964 1039 4034 homo,
1059 3970 1200 4041 proponat

113 4057 256 4121 abstinere
269 4062 304 4121 ab
322 4065 454 4124 omnibus
467 4072 496 4121 et
514 4056 683 4144 singulis.”³
714 4062 859 4137 Equidem
880 4062 930 4137 qui
954 4081 1013 4123 uon
1033 4063 1094 4122 vult
1106 4061 1202 4122 omnia

213 4226 257 4293 (Ῑ)
277 4227 341 4277 Sess-
352 4230 401 4282 xiv.
413 4245 435 4280 c.
446 4229 479 4279 iv.
489 4230 618 4299 deponit.
856 4230 898 4297 (2)
918 4227 948 4279 1..
960 4227 991 4278 vi.
1003 4243 1028 4282 n.
1039 4231 1099 4284 4⁵0.

426 4315 464 4374 (³)
483 4313 517 4365 iii.
528 4330 552 4379 p.
564 4331 605 4380 qu.
616 4314 845 4367 lxxxviiartiad
858 4318 880 4367 1.
