2640 4860
178 378 235 436 ut
254 368 563 441 unnsounin
578 368 1189 439 oenuemuuunoumuurns.
1238 332 1241 337 ’

175 540 304 603 Misealie
317 538 475 598 servandus
488 549 544 607 est,
558 537 611 597 sub
624 537 730 596 veniali
742 537 844 598 saltem
858 537 959 615 culpa:
981 540 1104 599 mortale
1117 539 1193 599 foret
1204 558 1265 599 eum

175 640 320 718 negligere
343 657 410 699 oum
430 639 509 717 gravi
530 637 629 714 populi
648 636 820 706 offensione,
844 656 878 695 v:
893 655 929 714 g:
958 639 1057 716 nigras
1080 648 1177 698 vestes
1192 639 1266 698 adhi-

175 740 240 798 bere
254 738 379 797 inseetis
393 737 563 816 precipuis:
587 736 764 794 Missionarii
784 746 879 796 sutem
892 736 1060 813 plemmque
1075 757 1135 797 non
1149 749 1267 816 possunt

175 838 338 897 varietamm
358 837 487 896 colorum
504 854 628 904 servare,
648 834 771 908 ideoque
785 834 868 895 sacile
889 846 1072 896 excusantur.
1115 838 1186 897 Non
1206 839 1268 896 licet

175 948 270 996 autem
284 936 393 997 Missas
407 935 605 995 defunctorum
625 933 719 994 dicere
743 936 799 993 nisi
820 935 849 994 in
872 936 1000 995 vestibus
1023 937 1114 1014 nigris
1138 947 1188 997 aut
1208 940 1264 996 vio·

176 1037 272 1095 loccis.

218 1140 286 1195 rit.
305 1134 507 1199 immundities
521 1133 652 1193 notabilis
672 1135 702 1193 in
725 1134 861 1203 vestibus,
882 1137 930 1196 vel
953 1136 1017 1196 aliis
1038 1137 1122 1196 rebus
1137 1136 1173 1195 ad
1186 1137 1268 1195 sacri·

175 1235 272 1294 ficium
286 1232 418 1294 adhibitis
433 1237 480 1292 vix
495 1243 588 1311 potest
600 1252 617 1291 a
629 1244 748 1312 peccato
761 1234 838 1312 gravi
853 1237 1002 1295 excusari:
1020 1243 1040 1272 “
1049 1236 1267 1313 proecipimus'”

175 1336 271 1409 inquit
283 1335 435 1393 concilium
449 1334 639 1391 Lateranense
653 1333 707 1391 lV.
732 1342 794 1392 “ut
815 1335 945 1402 oratoria,
960 1354 1040 1404 vasa,
1054 1336 1228 1413 corporalia,
1242 1346 1270 1394 et

175 1436 343 1493 vestimenta
356 1432 460 1492 munda
479 1442 508 1489 et
526 1431 614 1490 nitida
627 1442 837 1491 conserventur.
880 1433 977 1493 Nimis
997 1435 1076 1493 enim
1101 1434 1213 1493 videtur
1225 1436 1269 1492 ab·

175 1533 293 1593 surdum
307 1535 337 1591 in
349 1532 437 1590 sacris
451 1530 550 1589 sordes
564 1532 718 1609 negligere,
730 1550 793 1605 quae
803 1530 944 1591 dedecent
953 1534 1037 1592 etiam
1048 1535 1079 1592 in
1090 1527 1268 1612 profanis.”²

175 1633 383 1692 Animadvertit
404 1631 490 1688 etiarn
517 1631 638 1690 Missalc
659 1631 842 1690 Romanum:
865 1639 1056 1708 “paramenta
1081 1652 1142 1692 non
1169 1632 1270 1692 debent

176 1749 240 1790 esee
253 1733 355 1799 lacera,
369 1741 418 1788 aut
427 1731 529 1799 scissa,
543 1732 594 1789 scd
609 1732 729 1808 integra,
741 1740 769 1788 et
781 1729 914 1789 decenter
923 1733 1041 1800 munda,
1054 1752 1088 1791 ac
1101 1727 1270 1810 pulchra.'’²

176 1831 248 1899 Qun
269 1839 405 1890 vetustate
428 1829 587 1889 factasunt
609 1832 716 1907 inepta,
739 1838 806 1889 sunt
828 1830 963 1891 incendio
983 1825 1292 1900 consumenda‚³nec.

175 1930 333 2009 enirnlicet
352 1928 387 1988 ad
400 1948 469 1989 usus
484 1928 618 2006 profanos
641 1949 676 1988 ea
696 1939 879 1989 convertere:
902 1950 968 1990 nam
983 1931 1104 1989 “semel
1117 1932 1184 1990 Deo
1198 1930 1271 1989 dica·

175 2038 311 2123 tqnon
322 2039 364 2087 cst
378 2029 412 2087 ad
427 2047 496 2087 usus
510 2028 651 2087 humanos
659 2023 1061 2113 ulteriustrausserendum.”⁴
1081 2030 1270 2108 “Corporale

173 2126 353 2193 tramittit
365 2126 603 2196 benedictionem,
624 2146 689 2186 cum
712 2126 840 2186 redditur
861 2130 992 2207 ineptum
1013 2129 1207 2190 diminutione
1227 2130 1270 2187 vel

175 2224 311 2285 fractione
325 2225 360 2283 ad
373 2225 507 2284 decenter
519 2225 723 2285 continendum
743 2226 862 2286 calicem
876 2248 941 2288 cum
955 2238 1057 2306 patena
1071 2249 1079 2298 ς
1101 2230 1186 2299 Alba,
1208 2247 1271 2287 cum

175 2327 211 2383 ab
230 2344 265 2384 ea
285 2324 397 2383 manica
420 2323 611 2393 abscinditur3
635 2325 792 2403 cingulum,
807 2346 872 2386 cum
892 2329 931 2387 ito
949 2330 1100 2406 rumpitur,
1122 2340 1155 2388 ut
1174 2337 1271 2388 neutra

175 2443 241 2502 pars
261 2424 376 2500 cingere
398 2424 509 2501 possitt
540 2423 629 2492 Stolo,
651 2443 717 2484 cum
737 2445 797 2484 non
816 2436 912 2503 potest
933 2428 1069 2487 humeros
1095 2430 1226 2507 operire;
1246 2436 1272 2484 et

174 2523 252 2584 idem
265 2523 427 2593 dicendum,
450 2524 475 2581 si
495 2524 590 2597 aliqua
602 2525 666 2602 ejus
681 2545 747 2603 pars
760 2526 909 2596 scinditur,
931 2529 1063 2601 quamvis
1079 2530 1177 2589 statim
1190 2526 1272 2586 sarci·

175 2635 246 2693 atur,
261 2624 328 2700 quia
337 2625 398 2702 jam
411 2644 494 2684 suam
508 2624 630 2684 formam
644 2617 787 2684 amisit.’'⁵

271 2829 332 2893 Cep.
343 2830 387 2879 ult
399 2829 429 2878 de
440 2828 533 2879 custod.
544 2827 711 2879 Eudamus.

274 2911 346 2962 Ritus
357 2913 490 2964 servandus
500 2912 527 2962 in
538 2913 582 2962 cel.
594 2911 663 2962 Miss.
676 2916 699 2972 ς.
709 2911 726 2962 i.
737 2927 762 2962 n.
775 2915 799 2960 2.

272 2996 311 3046 De
321 3013 427 3047 consecr.
438 2997 494 3048 dist.
504 2997 521 3048 i.
532 3013 553 3048 c.
565 2997 652 3051 xxxix.
670 2995 767 3048 littaris
775 2993 859 3069 pulle.

224 3083 254 3147 4)
274 3081 335 3142 Reg.
346 3082 371 3131 li.
379 3081 441 3146 juris
452 3081 479 3131 in
491 3083 514 3134 6.
862 3081 904 3147 (5)
925 3078 951 3129 S.
963 3079 1038 3144 Alph.
1051 3081 1067 3130 l.
1079 3081 1112 3133 vi.
1123 3099 1149 3134 n.
1161 3087 1220 3135 372.
