2640 4860
129 378 185 435 118
415 371 473 432 DE
494 369 618 431 MODO
639 368 927 432 OELEBRANDI.

165 544 231 600 123.
255 540 375 599 Veniale
386 541 568 599 estomittere
582 539 697 616 signum
707 539 800 599 crucis
811 556 899 615 super
911 557 1027 611 aquam,
1041 538 1213 599 ablutionem

123 639 276 719 digitorum
287 640 316 699 in
328 640 431 706 Missa,
442 658 529 698 uuam
540 639 585 697 vel
595 638 709 696 alteram
720 657 834 697 crucem
845 656 933 715 super
939 637 1045 706 oblata,
1055 639 1213 698 tunsionem

123 740 260 816 pectoris,
276 749 323 797 aut
336 740 472 797 lotionem
486 757 634 798 manuum.

166 843 233 897 124.
257 839 421 897 “Mutilare
447 850 539 897 autem
562 839 657 904 verba,
674 846 722 895 aut
746 855 877 914 syncope
901 834 1115 904 intermediam,
1138 837 1214 896 salvo

124 956 211 997 sensu
225 948 254 997 et
266 938 379 997 secluso
392 937 536 1005 scandalo,
550 956 608 996 non
621 946 665 995 est
675 936 738 1012 plus
753 955 840 1009 quam
853 927 1019 995 veniale:”¹
1032 936 1144 995 nullum
1153 954 1217 995 vero

126 1050 274 1115 peccatum
288 1048 341 1106 est,
353 1039 379 1096 si
393 1056 430 1096 ex
444 1037 553 1095 delectu
568 1036 688 1095 naturali
695 1036 848 1114 contingat,
857 1053 943 1109 quern
958 1045 1052 1094 tamen
1066 1036 1216 1095 emendare

126 1148 248 1216 oportet.

168 1241 236 1298 125.
259 1237 380 1296 Veniale
400 1247 444 1295 est
464 1248 611 1313 peccatum
633 1255 706 1308 aqua
727 1237 758 1296 in
778 1236 865 1294 calice
885 1233 1063 1313 purificando
1087 1236 1140 1303 uti,
1154 1253 1217 1293 nam

128 1346 272 1415 “semper
284 1336 417 1395 sacerdos
432 1338 500 1394 vino
515 1335 684 1413 perfundere
698 1335 791 1403 debet,
806 1345 959 1412 postquam
973 1343 1064 1394 totum
1079 1334 1219 1411 acceperit

127 1437 316 1497 Eucharistiae
336 1432 595 1495 sacramentum.”²
634 1435 693 1493 Sed
713 1436 751 1495 ob
769 1436 830 1495 vini
849 1434 996 1511 penuriam
1017 1433 1048 1491 id
1068 1432 1219 1506 aliquando

126 1537 232 1605 licebit,
247 1536 388 1594 valeriam
403 1536 428 1593 si
442 1536 573 1594 sacerdos
587 1535 742 1594 abstemius
756 1537 805 1594 vix
818 1536 911 1611 possit
922 1535 1023 1592 vinum
1036 1533 1145 1592 bibere.
1187 1533 1219 1591 ln

127 1636 275 1696 abluendis
301 1634 397 1712 digitis
423 1636 523 1694 vinum
549 1636 632 1693 etiam
660 1645 705 1693 eet
729 1632 931 1702 adhibendum,
959 1632 1010 1691 sed
1037 1634 1074 1692 ob
1109 1651 1217 1707 acquam

126 1753 241 1793 causam
255 1734 316 1793 sola
330 1753 403 1808 aqua
415 1736 455 1793 uti
471 1736 535 1808 quis
554 1735 663 1812 poterit.

168 1839 236 1894 126.
258 1835 354 1894 Unico
380 1835 482 1894 haustu
508 1834 636 1893 divinum
664 1843 761 1911 potare
786 1834 956 1911 sanguinem
983 1842 1110 1909 praestat,
1134 1831 1217 1890 calice

127 1935 219 1995 semel
239 1936 282 1994 ori
302 1934 428 2002 admoto,
449 1945 479 1992 et
497 1952 576 1992 mora
595 1933 716 2007 quadarn
737 1932 810 1990 facta
828 1942 860 1991 ut
885 1931 1060 1990 attrahantur
1079 1932 1216 2006 reliquie.

127 2035 243 2095 Monuit
256 2045 349 2092 autem
363 2035 395 2093 S.
417 2035 487 2092 Pius
502 2032 539 2089 V.
554 2043 586 2090 ut
599 2034 697 2092 vinum
717 2031 752 2090 ad
773 2032 997 2110 purificationem
1018 2039 1129 2092 tantum
1143 2029 1219 2089 adhi-

125 2133 234 2198 beatur,
261 2142 398 2205 quantum
424 2133 455 2191 in
481 2132 706 2199 consecratione,
726 2140 756 2190 et
775 2151 827 2209 per
846 2131 965 2190 eandem
983 2140 1095 2207 partem
1122 2131 1217 2190 calicis

125 2230 297 2298 infundatur,
312 2249 368 2304 qua
380 2230 497 2288 haustus
511 2239 556 2287 est
567 2231 692 2307 sanguis.

167 2333 235 2388 127.
256 2329 358 2388 Partes
372 2329 636 2389 extraordinarias
657 2330 771 2399 Missoe,
786 2349 849 2404 quae
863 2331 973 2390 scilicet
985 2331 1102 2391 nonnisi
1117 2332 1146 2390 in
1161 2330 1219 2404 qui·

125 2427 245 2487 busdam
259 2428 359 2487 diebus
379 2427 561 2507 adjiciuntur,
576 2430 705 2489 omittere
726 2431 895 2507 plerumque
904 2441 954 2506 ,est
972 2431 1104 2490 veniales
1126 2451 1161 2489 v:
1182 2449 1215 2508 g:

131 2527 248 2598 Gloria,
264 2527 370 2598 Credo,
384 2530 540 2606 specialem
561 2530 774 2597 Praeiationem,
788 2529 914 2607 speciale
934 2530 1046 2589 initium
1066 2531 1217 2589 orationis:

128 2628 402 2697 Communicamus,
421 2639 469 2688 aut
490 2629 577 2689 Hunc
596 2629 706 2707 igitur.
749 2629 809 2687 Sed
831 2628 959 2688 scandali
978 2631 1024 2688 vel
1038 2638 1217 2706 contemptus

127 2731 236 2789 ratione
256 2739 355 2808 posset
372 2730 435 2787 fieri
451 2729 578 2788 mortale.
624 2727 731 2788 Gloria
750 2747 865 2806 semper
884 2728 1006 2788 dicenda
1019 2729 1107 2787 estin
1121 2730 1220 2788 Missis

127 2831 230 2888 votivis
245 2849 297 2906 pro
311 2847 341 2886 re
351 2831 441 2906 gravi,
456 2840 484 2888 et
496 2829 610 2907 publica
623 2848 718 2887 causa.

169 2933 236 2988 128.
259 2928 369 2987 Lavare
390 2949 490 2988 manus
511 2939 575 2989 ante
602 2929 724 2988 Missam
751 2927 872 3001 quisque
892 2928 945 2987 sub
968 2925 1076 2987 'veniali
1101 2938 1217 2987 tenetur.

128 3028 251 3087 Mortale
265 3030 340 3088 soret
352 3047 414 3087 eam
424 3031 565 3088 celebrare
579 3029 711 3087 manibus
725 3027 805 3086 valde
820 3027 995 3087 immundis:
1017 3038 1085 3105 post
1097 3029 1219 3087 Missam

128 3145 230 3185 manus
242 3147 299 3186 non
313 3138 380 3186 sunt
392 3127 553 3187 necessarid
567 3128 703 3186 lavandae.

170 3229 236 3284 129.
259 3225 413 3284 Distractio
433 3226 590 3285 voluntaria
609 3228 767 3302 prasertim
781 3228 811 3286 in
831 3245 939 3285 canone
952 3227 1108 3296 recitando,
1124 3237 1154 3286 et
1166 3228 1217 3286 sub

127 3325 349 3382 consecrationis
362 3333 485 3401 tempus,
496 3325 579 3384 facile
590 3334 633 3383 est
642 3344 728 3401 grave
737 3336 884 3402 peccatum
895 3345 902 3384 :
918 3335 1086 3404 etpeccatur
1096 3329 1220 3404 graviter

128 3439 242 3493 quoque
255 3423 294 3479 ita
307 3439 338 3478 se
358 3422 484 3499 gerendo
498 3425 528 3482 in
546 3423 695 3482 tremendo
708 3425 764 3484 hoc
778 3444 907 3494 munere,
922 3435 953 3484 nt
971 3425 1105 3485 fidelibus
1126 3428 1216 3504 pariat

127 3519 327 3580 offensionem.

169 3625 236 3682 130.
257 3620 370 3680 Addere
384 3621 490 3694 aliquid
504 3623 604 3682 Missae
618 3623 714 3682 animo
728 3643 834 3684 novum
848 3625 1003 3684 inducendi
1011 3626 1108 3695 ritum,
1118 3645 1218 3704 pecca·

126 3730 188 3782 tum
209 3723 326 3782 mortale
346 3730 399 3780 est.
442 3722 500 3788 Qui
520 3731 612 3781 autem
633 3742 670 3781 ex
692 3724 803 3800 pietatis
825 3725 931 3794 studio,
957 3725 1034 3783 haud
1056 3725 1217 3786 secundum

125 3824 273 3883 scientiam
287 3823 402 3883 adderet
414 3823 547 3882 collectas
570 3840 607 3880 ex
621 3823 745 3892 Missali,
759 3825 806 3883 vel
829 3824 934 3893 Crede,
956 3824 1002 3883 vel
1027 3823 1216 3906 Symbolum,

127 3924 247 3983 venialis
267 3925 358 4002 culpae
384 3942 448 3983 reus
468 3923 635 4000 plerumque
657 3923 739 3982 foret.
781 3925 840 3991 Qui
864 3925 895 3984 in
921 3925 1014 3982 Missa
1040 3935 1217 3985 mortuorum

126 4023 257 4082 recitaret
286 4023 404 4093 Gloria,
430 4023 586 4083 mortaliter
611 4031 750 4101 peccaret,
777 4025 834 4083 nisi
860 4025 1008 4083 exanimi
1034 4024 1217 4101 simplicitate

126 4132 320 4191 excusaretur,
335 4135 378 4181 est
393 4124 470 4182 euim
484 4143 536 4203 per
549 4142 580 4182 se
594 4125 687 4201 gravis
700 4123 884 4183 inordinatio.
925 4123 1095 4183 Prohibetur
1114 4123 1218 4182 addere

126 4233 234 4275 nomen
248 4219 367 4298 alicujus
381 4223 472 4282 sancti
484 4224 514 4283 in
524 4222 729 4292 Confessione,
743 4223 790 4282 vel
802 4224 832 4282 in
846 4221 977 4292 Oenone,
992 4223 1038 4280 vel
1051 4223 1082 4282 in
1094 4222 1216 4285 Litaniis

163 4371 514 4439 (ΙΝ-[1111122407.
663 4379 706 4446 (2)
726 4376 1183 4447 cmutExpuu.v.dcaltsua
