<?xml version="1.0" encoding="UTF-8"?>
<!DOCTYPE html PUBLIC "-//W3C//DTD XHTML 1.0 Transitional//EN"
    "http://www.w3.org/TR/xhtml1/DTD/xhtml1-transitional.dtd">
<html xmlns="http://www.w3.org/1999/xhtml" xml:lang="en" lang="en">
 <head>
  <title>
</title>
<meta http-equiv="Content-Type" content="text/html;charset=utf-8" />
  <meta name='ocr-system' content='tesseract 3.04.00' />
  <meta name='ocr-capabilities' content='ocr_page ocr_carea ocr_par ocr_line ocrx_word'/>
</head>
<body>
  <div class='ocr_page' id='page_1' title='image "./theologiaemoral01kenrgoog_0382.png"; bbox 0 0 2640 4860; ppageno 0'>
   <div class='ocr_carea' id='block_1_1' title="bbox 318 384 1211 484">
    <p class='ocr_par' dir='ltr' id='par_1_1' title="bbox 318 384 1211 484">
     <span class='ocr_line' id='line_1_1' title="bbox 318 384 1211 484; baseline 0 -38"><span class='ocrx_word' id='word_1_1' title='bbox 318 385 376 446; x_wconf 82' lang='lat' dir='ltr'><strong>DE</strong></span> <span class='ocrx_word' id='word_1_2' title='bbox 397 384 716 445; x_wconf 85' lang='lat' dir='ltr'><strong>IMPEDIMENTIS</strong></span> <span class='ocrx_word' id='word_1_3' title='bbox 737 384 1012 484; x_wconf 78' lang='lat' dir='ltr'><strong>MA&#39;l&#39;RlMONlI.</strong></span> <span class='ocrx_word' id='word_1_4' title='bbox 1152 391 1211 446; x_wconf 79' lang='lat'><strong>³59</strong></span> 
     </span>
    </p>
   </div>
   <div class='ocr_carea' id='block_1_2' title="bbox 100 552 1262 2697">
    <p class='ocr_par' dir='ltr' id='par_1_2' title="bbox 100 552 1213 1325">
     <span class='ocr_line' id='line_1_2' title="bbox 100 552 1207 629; baseline 0.001 -17"><span class='ocrx_word' id='word_1_5' title='bbox 100 555 152 613; x_wconf 84' lang='lat' dir='ltr'><strong>sit</strong></span> <span class='ocrx_word' id='word_1_6' title='bbox 168 573 201 612; x_wconf 87' lang='lat' dir='ltr'><strong>se</strong></span> <span class='ocrx_word' id='word_1_7' title='bbox 214 570 279 610; x_wconf 87' lang='lat' dir='ltr'><strong>esse</strong></span> <span class='ocrx_word' id='word_1_8' title='bbox 297 562 452 629; x_wconf 89' lang='lat' dir='ltr'><strong>potentem,</strong></span> <span class='ocrx_word' id='word_1_9' title='bbox 474 562 615 611; x_wconf 88' lang='lat' dir='ltr'><strong>excusant</strong></span> <span class='ocrx_word' id='word_1_10' title='bbox 632 570 698 610; x_wconf 90' lang='lat' dir='ltr'><strong>eum</strong></span> <span class='ocrx_word' id='word_1_11' title='bbox 721 553 827 629; x_wconf 89' lang='lat' dir='ltr'><strong>plures,</strong></span> <span class='ocrx_word' id='word_1_12' title='bbox 843 552 1000 612; x_wconf 91' lang='lat' dir='ltr'><strong>dummodo</strong></span> <span class='ocrx_word' id='word_1_13' title='bbox 1012 562 1128 612; x_wconf 90' lang='lat' dir='ltr'><strong>moneat</strong></span> <span class='ocrx_word' id='word_1_14' title='bbox 1140 554 1207 613; x_wconf 88' lang='lat' dir='ltr'><strong>alte·</strong></span> 
     </span>
     <span class='ocr_line' id='line_1_3' title="bbox 101 651 1210 727; baseline 0 -16"><span class='ocrx_word' id='word_1_15' title='bbox 101 673 181 712; x_wconf 89' lang='lat' dir='ltr'><strong>rum</strong></span> <span class='ocrx_word' id='word_1_16' title='bbox 195 653 237 710; x_wconf 89' lang='lat' dir='ltr'><strong>rei</strong></span> <span class='ocrx_word' id='word_1_17' title='bbox 250 651 353 721; x_wconf 87' lang='lat' dir='ltr'><strong>dubiae,</strong></span> <span class='ocrx_word' id='word_1_18' title='bbox 368 671 405 711; x_wconf 88' lang='lat' dir='ltr'><strong>ne</strong></span> <span class='ocrx_word' id='word_1_19' title='bbox 419 653 514 710; x_wconf 77' lang='lat' dir='ltr'><strong>invitae</strong></span> <span class='ocrx_word' id='word_1_20' title='bbox 527 651 656 710; x_wconf 83' lang='lat' dir='ltr'><strong>fraudem</strong></span> <span class='ocrx_word' id='word_1_21' title='bbox 670 652 770 709; x_wconf 88' lang='lat' dir='ltr'><strong>faciat:</strong></span> <span class='ocrx_word' id='word_1_22' title='bbox 793 661 894 727; x_wconf 90' lang='lat' dir='ltr'><strong>putant</strong></span> <span class='ocrx_word' id='word_1_23' title='bbox 907 653 1017 710; x_wconf 86' lang='lat' dir='ltr'><strong>scilicet</strong></span> <span class='ocrx_word' id='word_1_24' title='bbox 1029 663 1210 712; x_wconf 86' lang='lat' dir='ltr'><strong>sacramento</strong></span> 
     </span>
     <span class='ocr_line' id='line_1_4' title="bbox 107 750 1211 828; baseline -0.002 -16"><span class='ocrx_word' id='word_1_25' title='bbox 107 771 178 812; x_wconf 86' lang='lat' dir='ltr'><strong>non</strong></span> <span class='ocrx_word' id='word_1_26' title='bbox 192 752 255 809; x_wconf 90' lang='lat' dir='ltr'><strong>fieri</strong></span> <span class='ocrx_word' id='word_1_27' title='bbox 276 752 418 828; x_wconf 87' lang='lat' dir='ltr'><strong>injuriam,</strong></span> <span class='ocrx_word' id='word_1_28' title='bbox 442 750 509 808; x_wconf 90' lang='lat' dir='ltr'><strong>dum</strong></span> <span class='ocrx_word' id='word_1_29' title='bbox 531 751 763 809; x_wconf 80' lang='lat' dir='ltr'><strong>ministraturex</strong></span> <span class='ocrx_word' id='word_1_30' title='bbox 783 751 922 827; x_wconf 85' lang='lat' dir='ltr'>probabili</span> <span class='ocrx_word' id='word_1_31' title='bbox 942 752 1077 827; x_wconf 91' lang='lat' dir='ltr'><strong>opinione</strong></span> <span class='ocrx_word' id='word_1_32' title='bbox 1095 753 1211 820; x_wconf 89' lang='lat' dir='ltr'><strong>valoris,</strong></span> 
     </span>
     <span class='ocr_line' id='line_1_5' title="bbox 104 849 1211 929; baseline -0.001 -18"><span class='ocrx_word' id='word_1_33' title='bbox 104 863 240 929; x_wconf 87' lang='lat' dir='ltr'><strong>urgente</strong></span> <span class='ocrx_word' id='word_1_34' title='bbox 254 852 361 908; x_wconf 89' lang='lat' dir='ltr'><strong>ratione</strong></span> <span class='ocrx_word' id='word_1_35' title='bbox 381 849 452 908; x_wconf 91' lang='lat' dir='ltr'><strong>adeo</strong></span> <span class='ocrx_word' id='word_1_36' title='bbox 473 851 563 926; x_wconf 88' lang='lat' dir='ltr'><strong>gravi,</strong></span> <span class='ocrx_word' id='word_1_37' title='bbox 584 849 660 923; x_wconf 89' lang='lat' dir='ltr'><strong>quod</strong></span> <span class='ocrx_word' id='word_1_38' title='bbox 675 849 800 922; x_wconf 90' lang='lat' dir='ltr'><strong>alioquin</strong></span> <span class='ocrx_word' id='word_1_39' title='bbox 814 849 919 908; x_wconf 83' lang='lat' dir='ltr'><strong>coelebs</strong></span> <span class='ocrx_word' id='word_1_40' title='bbox 933 869 1084 908; x_wconf 88' lang='lat' dir='ltr'><strong>mansurus</strong></span> <span class='ocrx_word' id='word_1_41' title='bbox 1098 852 1135 909; x_wconf 89' lang='lat' dir='ltr'><strong>sit</strong></span> <span class='ocrx_word' id='word_1_42' title='bbox 1148 870 1211 929; x_wconf 90' lang='lat' dir='ltr'><strong>per·</strong></span> 
     </span>
     <span class='ocr_line' id='line_1_6' title="bbox 106 949 1211 1027; baseline -0.002 -18"><span class='ocrx_word' id='word_1_43' title='bbox 106 961 217 1027; x_wconf 85' lang='lat' dir='ltr'><strong>petuo.</strong></span> <span class='ocrx_word' id='word_1_44' title='bbox 260 950 333 1007; x_wconf 87' lang='lat' dir='ltr'><strong>Post</strong></span> <span class='ocrx_word' id='word_1_45' title='bbox 352 949 562 1008; x_wconf 81' lang='lat' dir='ltr'><strong>matrimonium</strong></span> <span class='ocrx_word' id='word_1_46' title='bbox 575 949 658 1007; x_wconf 86' lang='lat' dir='ltr'><strong>datur</strong></span> <span class='ocrx_word' id='word_1_47' title='bbox 678 950 830 1007; x_wconf 77' lang='lat' dir='ltr'><strong>triennium</strong></span> <span class='ocrx_word' id='word_1_48' title='bbox 849 950 1044 1024; x_wconf 73' lang='lat' dir='ltr'><strong>experientiae,</strong></span> <span class='ocrx_word' id='word_1_49' title='bbox 1069 969 1121 1026; x_wconf 88' lang='lat' dir='ltr'><strong>per</strong></span> <span class='ocrx_word' id='word_1_50' title='bbox 1134 950 1211 1022; x_wconf 91' lang='lat' dir='ltr'><strong>quod</strong></span> 
     </span>
     <span class='ocr_line' id='line_1_7' title="bbox 107 1048 1213 1125; baseline -0.001 -16"><span class='ocrx_word' id='word_1_51' title='bbox 107 1051 209 1109; x_wconf 86' lang='lat' dir='ltr'><strong>licent</strong></span> <span class='ocrx_word' id='word_1_52' title='bbox 221 1067 321 1106; x_wconf 90' lang='lat' dir='ltr'><strong>omnes</strong></span> <span class='ocrx_word' id='word_1_53' title='bbox 339 1058 458 1107; x_wconf 87' lang='lat' dir='ltr'><strong>conatus</strong></span> <span class='ocrx_word' id='word_1_54' title='bbox 483 1048 518 1105; x_wconf 87' lang='lat' dir='ltr'><strong>ad</strong></span> <span class='ocrx_word' id='word_1_55' title='bbox 542 1049 685 1125; x_wconf 88' lang='lat' dir='ltr'><strong>copulam,</strong></span> <span class='ocrx_word' id='word_1_56' title='bbox 706 1048 818 1106; x_wconf 87' lang='lat' dir='ltr'><strong>etiamsi</strong></span> <span class='ocrx_word' id='word_1_57' title='bbox 837 1067 935 1106; x_wconf 87' lang='lat' dir='ltr'><strong>semen</strong></span> <span class='ocrx_word' id='word_1_58' title='bbox 949 1056 1028 1106; x_wconf 87' lang='lat' dir='ltr'><strong>extra</strong></span> <span class='ocrx_word' id='word_1_59' title='bbox 1041 1067 1089 1107; x_wconf 87' lang='lat' dir='ltr'><strong>vas</strong></span> <span class='ocrx_word' id='word_1_60' title='bbox 1104 1048 1213 1108; x_wconf 89' lang='lat' dir='ltr'><strong>effundi</strong></span> 
     </span>
     <span class='ocr_line' id='line_1_8' title="bbox 109 1146 1209 1226; baseline -0.002 -18"><span class='ocrx_word' id='word_1_61' title='bbox 109 1151 276 1225; x_wconf 82' lang='lat' dir='ltr'><strong>contingat,</strong></span> <span class='ocrx_word' id='word_1_62' title='bbox 301 1167 367 1207; x_wconf 89' lang='lat' dir='ltr'><strong>nam</strong></span> <span class='ocrx_word' id='word_1_63' title='bbox 383 1150 433 1226; x_wconf 89' lang='lat' dir='ltr'><strong>jus</strong></span> <span class='ocrx_word' id='word_1_64' title='bbox 453 1146 594 1205; x_wconf 82' lang='lat' dir='ltr'><strong>decernit:</strong></span> <span class='ocrx_word' id='word_1_65' title='bbox 618 1156 710 1206; x_wconf 85' lang='lat' dir='ltr'><strong>“uta</strong></span> <span class='ocrx_word' id='word_1_66' title='bbox 724 1156 850 1223; x_wconf 90' lang='lat' dir='ltr'><strong>ternpore</strong></span> <span class='ocrx_word' id='word_1_67' title='bbox 876 1148 1009 1206; x_wconf 89' lang='lat' dir='ltr'><strong>celebrati</strong></span> <span class='ocrx_word' id='word_1_68' title='bbox 1034 1150 1169 1226; x_wconf 85' lang='lat' dir='ltr'><strong>conjugii,</strong></span> <span class='ocrx_word' id='word_1_69' title='bbox 1183 1150 1209 1206; x_wconf 91' lang='lat' dir='ltr'><strong>si</strong></span> 
     </span>
     <span class='ocr_line' id='line_1_9' title="bbox 110 1244 1030 1325; baseline 0 -20"><span class='ocrx_word' id='word_1_70' title='bbox 110 1247 259 1325; x_wconf 77' lang='lat' dir='ltr'><strong>frigiditas</strong></span> <span class='ocrx_word' id='word_1_71' title='bbox 275 1249 387 1323; x_wconf 86' lang='lat' dir='ltr'><strong>probari</strong></span> <span class='ocrx_word' id='word_1_72' title='bbox 402 1266 461 1304; x_wconf 93' lang='lat' dir='ltr'><strong>non</strong></span> <span class='ocrx_word' id='word_1_73' title='bbox 475 1247 575 1321; x_wconf 84' lang='lat' dir='ltr'><strong>possit,</strong></span> <span class='ocrx_word' id='word_1_74' title='bbox 590 1246 752 1305; x_wconf 80' lang='lat' dir='ltr'><strong>cohabitent</strong></span> <span class='ocrx_word' id='word_1_75' title='bbox 765 1264 816 1322; x_wconf 94' lang='lat' dir='ltr'><strong>per</strong></span> <span class='ocrx_word' id='word_1_76' title='bbox 830 1244 1030 1317; x_wconf 76' lang='lat' dir='ltr'><strong>triennium.”1</strong></span> 
     </span>
    </p>

    <p class='ocr_par' dir='ltr' id='par_1_3' title="bbox 110 1345 1262 2697">
     <span class='ocr_line' id='line_1_10' title="bbox 158 1345 1214 1422; baseline 0 -18"><span class='ocrx_word' id='word_1_77' title='bbox 158 1351 230 1405; x_wconf 77' lang='lat'><strong>205.</strong></span> <span class='ocrx_word' id='word_1_78' title='bbox 253 1346 287 1404; x_wconf 93' lang='lat' dir='ltr'><strong>lu</strong></span> <span class='ocrx_word' id='word_1_79' title='bbox 307 1347 368 1405; x_wconf 88' lang='lat' dir='ltr'><strong>soro</strong></span> <span class='ocrx_word' id='word_1_80' title='bbox 394 1355 512 1404; x_wconf 81' lang='lat' dir='ltr'><strong>externo</strong></span> <span class='ocrx_word' id='word_1_81' title='bbox 533 1346 558 1405; x_wconf 87' lang='lat' dir='ltr'><strong>si</strong></span> <span class='ocrx_word' id='word_1_82' title='bbox 579 1355 696 1418; x_wconf 88' lang='lat' dir='ltr'><strong>uterque</strong></span> <span class='ocrx_word' id='word_1_83' title='bbox 717 1345 837 1403; x_wconf 87' lang='lat' dir='ltr'><strong>affirmet</strong></span> <span class='ocrx_word' id='word_1_84' title='bbox 857 1347 1064 1422; x_wconf 86' lang='lat' dir='ltr'><strong>impotentiam,</strong></span> <span class='ocrx_word' id='word_1_85' title='bbox 1080 1347 1168 1414; x_wconf 89' lang='lat' dir='ltr'><strong>nullo,</strong></span> <span class='ocrx_word' id='word_1_86' title='bbox 1183 1355 1214 1404; x_wconf 91' lang='lat' dir='ltr'><strong>ut</strong></span> 
     </span>
     <span class='ocr_line' id='line_1_11' title="bbox 112 1444 1213 1523; baseline -0.001 -19"><span class='ocrx_word' id='word_1_87' title='bbox 112 1445 242 1513; x_wconf 77' lang='lat' dir='ltr'><strong>videtur,</strong></span> <span class='ocrx_word' id='word_1_88' title='bbox 257 1445 363 1503; x_wconf 89' lang='lat' dir='ltr'><strong>sraudis</strong></span> <span class='ocrx_word' id='word_1_89' title='bbox 384 1444 513 1513; x_wconf 89' lang='lat' dir='ltr'><strong>consilio,</strong></span> <span class='ocrx_word' id='word_1_90' title='bbox 528 1454 594 1520; x_wconf 91' lang='lat' dir='ltr'><strong>post</strong></span> <span class='ocrx_word' id='word_1_91' title='bbox 606 1446 720 1503; x_wconf 91' lang='lat' dir='ltr'><strong>triennii</strong></span> <span class='ocrx_word' id='word_1_92' title='bbox 740 1446 945 1521; x_wconf 82' lang='lat' dir='ltr'><strong>experientiam</strong></span> <span class='ocrx_word' id='word_1_93' title='bbox 962 1446 1156 1523; x_wconf 87' lang='lat' dir='ltr'><strong>juramentum</strong></span> <span class='ocrx_word' id='word_1_94' title='bbox 1177 1445 1213 1503; x_wconf 89' lang='lat' dir='ltr'><strong>de</strong></span> 
     </span>
     <span class='ocr_line' id='line_1_12' title="bbox 119 1544 1215 1622; baseline -0.001 -19"><span class='ocrx_word' id='word_1_95' title='bbox 119 1565 157 1604; x_wconf 83' lang='lat' dir='ltr'><strong>ea</strong></span> <span class='ocrx_word' id='word_1_96' title='bbox 181 1546 307 1622; x_wconf 73' lang='lat' dir='ltr'><strong>prestari</strong></span> <span class='ocrx_word' id='word_1_97' title='bbox 329 1544 414 1602; x_wconf 91' lang='lat' dir='ltr'><strong>debet</strong></span> <span class='ocrx_word' id='word_1_98' title='bbox 434 1544 468 1601; x_wconf 92' lang='lat' dir='ltr'><strong>ab</strong></span> <span class='ocrx_word' id='word_1_99' title='bbox 488 1553 619 1616; x_wconf 90' lang='lat' dir='ltr'><strong>utroque,</strong></span> <span class='ocrx_word' id='word_1_100' title='bbox 644 1554 812 1621; x_wconf 85' lang='lat' dir='ltr'><strong>septemque</strong></span> <span class='ocrx_word' id='word_1_101' title='bbox 832 1545 985 1620; x_wconf 91' lang='lat' dir='ltr'><strong>propinqui</strong></span> <span class='ocrx_word' id='word_1_102' title='bbox 1005 1555 1053 1603; x_wconf 86' lang='lat' dir='ltr'><strong>aut</strong></span> <span class='ocrx_word' id='word_1_103' title='bbox 1072 1545 1158 1603; x_wconf 89' lang='lat' dir='ltr'><strong>vicini</strong></span> <span class='ocrx_word' id='word_1_104' title='bbox 1178 1562 1215 1602; x_wconf 86' lang='lat' dir='ltr'><strong>ex</strong></span> 
     </span>
     <span class='ocr_line' id='line_1_13' title="bbox 110 1643 1244 1722; baseline -0.004 -18"><span class='ocrx_word' id='word_1_105' title='bbox 110 1656 236 1717; x_wconf 85' lang='lat' dir='ltr'><strong>utraque</strong></span> <span class='ocrx_word' id='word_1_106' title='bbox 259 1654 337 1720; x_wconf 91' lang='lat' dir='ltr'><strong>parte</strong></span> <span class='ocrx_word' id='word_1_107' title='bbox 356 1644 442 1722; x_wconf 88' lang='lat' dir='ltr'><strong>jurati</strong></span> <span class='ocrx_word' id='word_1_108' title='bbox 464 1652 601 1701; x_wconf 85' lang='lat' dir='ltr'><strong>testantur</strong></span> <span class='ocrx_word' id='word_1_109' title='bbox 623 1663 655 1702; x_wconf 91' lang='lat' dir='ltr'><strong>se</strong></span> <span class='ocrx_word' id='word_1_110' title='bbox 671 1644 709 1701; x_wconf 86' lang='lat' dir='ltr'><strong>ita</strong></span> <span class='ocrx_word' id='word_1_111' title='bbox 732 1643 886 1712; x_wconf 90' lang='lat' dir='ltr'><strong>audivisse,</strong></span> <span class='ocrx_word' id='word_1_112' title='bbox 900 1645 947 1701; x_wconf 87' lang='lat' dir='ltr'><strong>vel</strong></span> <span class='ocrx_word' id='word_1_113' title='bbox 969 1644 1082 1702; x_wconf 89' lang='lat' dir='ltr'><strong>credere</strong></span> <span class='ocrx_word' id='word_1_114' title='bbox 1103 1645 1215 1715; x_wconf 84' lang='lat' dir='ltr'><strong>utrique</strong></span> <span class='ocrx_word' id='word_1_115' title='bbox 1240 1696 1244 1701; x_wconf 90' lang='lat'>.</span> 
     </span>
     <span class='ocr_line' id='line_1_14' title="bbox 118 1742 1214 1820; baseline -0.004 -18"><span class='ocrx_word' id='word_1_116' title='bbox 118 1744 269 1802; x_wconf 84' lang='lat' dir='ltr'><strong>referenti.</strong></span> <span class='ocrx_word' id='word_1_117' title='bbox 311 1743 344 1800; x_wconf 99' lang='grc' dir='ltr'>δί</span> <span class='ocrx_word' id='word_1_118' title='bbox 371 1744 502 1801; x_wconf 87' lang='lat' dir='ltr'><strong>alteruter</strong></span> <span class='ocrx_word' id='word_1_119' title='bbox 527 1752 621 1820; x_wconf 89' lang='lat' dir='ltr'><strong>neget,</strong></span> <span class='ocrx_word' id='word_1_120' title='bbox 636 1743 717 1801; x_wconf 90' lang='lat' dir='ltr'><strong>datur</strong></span> <span class='ocrx_word' id='word_1_121' title='bbox 737 1763 753 1799; x_wconf 89' lang='lat' dir='ltr'><strong>a</strong></span> <span class='ocrx_word' id='word_1_122' title='bbox 771 1743 869 1819; x_wconf 87' lang='lat' dir='ltr'><strong>judice</strong></span> <span class='ocrx_word' id='word_1_123' title='bbox 896 1744 1010 1801; x_wconf 89' lang='lat' dir='ltr'><strong>triennii</strong></span> <span class='ocrx_word' id='word_1_124' title='bbox 1030 1742 1214 1819; x_wconf 86' lang='lat' dir='ltr'><strong>experientia,</strong></span> 
     </span>
     <span class='ocr_line' id='line_1_15' title="bbox 120 1840 1215 1920; baseline -0.003 -19"><span class='ocrx_word' id='word_1_125' title='bbox 120 1863 186 1916; x_wconf 82' lang='lat' dir='ltr'><strong>qnae</strong></span> <span class='ocrx_word' id='word_1_126' title='bbox 199 1861 251 1920; x_wconf 90' lang='lat' dir='ltr'><strong>per</strong></span> <span class='ocrx_word' id='word_1_127' title='bbox 264 1843 431 1919; x_wconf 87' lang='lat' dir='ltr'><strong>plerumque</strong></span> <span class='ocrx_word' id='word_1_128' title='bbox 451 1842 586 1918; x_wconf 87' lang='lat' dir='ltr'><strong>temporis</strong></span> <span class='ocrx_word' id='word_1_129' title='bbox 601 1841 759 1900; x_wconf 88' lang='lat' dir='ltr'><strong>continuari</strong></span> <span class='ocrx_word' id='word_1_130' title='bbox 779 1842 881 1899; x_wconf 90' lang='lat' dir='ltr'><strong>debet:</strong></span> <span class='ocrx_word' id='word_1_131' title='bbox 904 1860 959 1913; x_wconf 88' lang='lat' dir='ltr'><strong>qua</strong></span> <span class='ocrx_word' id='word_1_132' title='bbox 972 1841 1075 1909; x_wconf 90' lang='lat' dir='ltr'><strong>habita,</strong></span> <span class='ocrx_word' id='word_1_133' title='bbox 1090 1843 1116 1899; x_wconf 86' lang='lat' dir='ltr'><strong>si</strong></span> <span class='ocrx_word' id='word_1_134' title='bbox 1137 1840 1215 1913; x_wconf 90' lang='lat' dir='ltr'><strong>quod</strong></span> 
     </span>
     <span class='ocr_line' id='line_1_16' title="bbox 122 1940 1215 2018; baseline -0.005 -18"><span class='ocrx_word' id='word_1_135' title='bbox 122 1942 245 2000; x_wconf 85' lang='lat' dir='ltr'><strong>affirmat</strong></span> <span class='ocrx_word' id='word_1_136' title='bbox 256 1943 309 2010; x_wconf 86' lang='lat' dir='ltr'><strong>vir,</strong></span> <span class='ocrx_word' id='word_1_137' title='bbox 324 1942 429 2000; x_wconf 90' lang='lat' dir='ltr'><strong>mulier</strong></span> <span class='ocrx_word' id='word_1_138' title='bbox 441 1949 537 2018; x_wconf 89' lang='lat' dir='ltr'><strong>neget,</strong></span> <span class='ocrx_word' id='word_1_139' title='bbox 553 1942 691 2017; x_wconf 87' lang='lat' dir='ltr'><strong>inspectio</strong></span> <span class='ocrx_word' id='word_1_140' title='bbox 709 1941 815 2018; x_wconf 85' lang='lat' dir='ltr'><strong>judicis</strong></span> <span class='ocrx_word' id='word_1_141' title='bbox 830 1942 992 1998; x_wconf 88' lang='lat' dir='ltr'><strong>anctoritate</strong></span> <span class='ocrx_word' id='word_1_142' title='bbox 1003 1941 1076 1999; x_wconf 86' lang='lat' dir='ltr'><strong>solet</strong></span> <span class='ocrx_word' id='word_1_143' title='bbox 1089 1940 1215 2016; x_wconf 81' lang='lat' dir='ltr'><strong>praecipi,</strong></span> 
     </span>
     <span class='ocr_line' id='line_1_17' title="bbox 122 2039 1213 2108; baseline -0.004 -9"><span class='ocrx_word' id='word_1_144' title='bbox 122 2053 152 2099; x_wconf 91' lang='lat' dir='ltr'><strong>ut</strong></span> <span class='ocrx_word' id='word_1_145' title='bbox 165 2041 271 2100; x_wconf 86' lang='lat' dir='ltr'><strong>medici</strong></span> <span class='ocrx_word' id='word_1_146' title='bbox 284 2041 319 2098; x_wconf 92' lang='lat' dir='ltr'><strong>de</strong></span> <span class='ocrx_word' id='word_1_147' title='bbox 333 2043 405 2108; x_wconf 87' lang='lat' dir='ltr'><strong>viro,</strong></span> <span class='ocrx_word' id='word_1_148' title='bbox 420 2041 584 2099; x_wconf 85' lang='lat' dir='ltr'><strong>obstetrices</strong></span> <span class='ocrx_word' id='word_1_149' title='bbox 598 2041 643 2098; x_wconf 87' lang='lat' dir='ltr'><strong>vel</strong></span> <span class='ocrx_word' id='word_1_150' title='bbox 662 2049 797 2099; x_wconf 88' lang='lat' dir='ltr'><strong>matronae</strong></span> <span class='ocrx_word' id='word_1_151' title='bbox 817 2040 879 2097; x_wconf 85' lang='lat' dir='ltr'><strong>aliae</strong></span> <span class='ocrx_word' id='word_1_152' title='bbox 893 2039 928 2096; x_wconf 93' lang='lat' dir='ltr'><strong>de</strong></span> <span class='ocrx_word' id='word_1_153' title='bbox 950 2040 1068 2098; x_wconf 86' lang='lat' dir='ltr'><strong>muliere</strong></span> <span class='ocrx_word' id='word_1_154' title='bbox 1080 2040 1213 2097; x_wconf 86' lang='lat' dir='ltr'><strong>reserant.</strong></span> 
     </span>
     <span class='ocr_line' id='line_1_18' title="bbox 122 2137 1215 2215; baseline -0.005 -16"><span class='ocrx_word' id='word_1_155' title='bbox 122 2141 155 2199; x_wconf 82' lang='lat' dir='ltr'><strong>Si</strong></span> <span class='ocrx_word' id='word_1_156' title='bbox 167 2141 269 2199; x_wconf 89' lang='lat' dir='ltr'><strong>veritas</strong></span> <span class='ocrx_word' id='word_1_157' title='bbox 280 2141 373 2198; x_wconf 89' lang='lat' dir='ltr'><strong>adhuc</strong></span> <span class='ocrx_word' id='word_1_158' title='bbox 386 2141 471 2198; x_wconf 89' lang='lat' dir='ltr'><strong>dubia</strong></span> <span class='ocrx_word' id='word_1_159' title='bbox 484 2141 531 2206; x_wconf 86' lang='lat' dir='ltr'><strong>sit,</strong></span> <span class='ocrx_word' id='word_1_160' title='bbox 542 2141 603 2197; x_wconf 90' lang='lat' dir='ltr'><strong>viro</strong></span> <span class='ocrx_word' id='word_1_161' title='bbox 613 2140 763 2199; x_wconf 88' lang='lat' dir='ltr'><strong>affirmanti</strong></span> <span class='ocrx_word' id='word_1_162' title='bbox 774 2142 872 2215; x_wconf 88' lang='lat' dir='ltr'><strong>potius</strong></span> <span class='ocrx_word' id='word_1_163' title='bbox 886 2138 1059 2198; x_wconf 88' lang='lat' dir='ltr'><strong>credendum</strong></span> <span class='ocrx_word' id='word_1_164' title='bbox 1068 2149 1128 2196; x_wconf 86' lang='lat' dir='ltr'><strong>est:</strong></span> <span class='ocrx_word' id='word_1_165' title='bbox 1152 2137 1215 2195; x_wconf 83' lang='lat' dir='ltr'><strong>“Si</strong></span> 
     </span>
     <span class='ocr_line' id='line_1_19' title="bbox 121 2238 1215 2316; baseline -0.004 -18"><span class='ocrx_word' id='word_1_166' title='bbox 121 2241 166 2298; x_wconf 83' lang='lat' dir='ltr'><strong>vir</strong></span> <span class='ocrx_word' id='word_1_167' title='bbox 178 2239 282 2298; x_wconf 88' lang='lat' dir='ltr'><strong>dixerit</strong></span> <span class='ocrx_word' id='word_1_168' title='bbox 295 2240 371 2312; x_wconf 89' lang='lat' dir='ltr'><strong>quod</strong></span> <span class='ocrx_word' id='word_1_169' title='bbox 385 2257 504 2299; x_wconf 83' lang='lat' dir='ltr'><strong>uxorem</strong></span> <span class='ocrx_word' id='word_1_170' title='bbox 524 2258 604 2298; x_wconf 88' lang='lat' dir='ltr'><strong>suam</strong></span> <span class='ocrx_word' id='word_1_171' title='bbox 626 2239 800 2316; x_wconf 88' lang='lat' dir='ltr'><strong>cognoverit,</strong></span> <span class='ocrx_word' id='word_1_172' title='bbox 817 2249 846 2298; x_wconf 93' lang='lat' dir='ltr'><strong>et</strong></span> <span class='ocrx_word' id='word_1_173' title='bbox 865 2239 966 2297; x_wconf 89' lang='lat' dir='ltr'><strong>mulier</strong></span> <span class='ocrx_word' id='word_1_174' title='bbox 985 2239 1137 2316; x_wconf 85' lang='lat' dir='ltr'><strong>negaverit,</strong></span> <span class='ocrx_word' id='word_1_175' title='bbox 1153 2238 1215 2295; x_wconf 89' lang='lat' dir='ltr'><strong>viro</strong></span> 
     </span>
     <span class='ocr_line' id='line_1_20' title="bbox 122 2332 1262 2416; baseline -0.003 -19"><span class='ocrx_word' id='word_1_176' title='bbox 122 2339 193 2399; x_wconf 84' lang='lat' dir='ltr'><strong>tides</strong></span> <span class='ocrx_word' id='word_1_177' title='bbox 207 2348 251 2396; x_wconf 88' lang='lat' dir='ltr'><strong>est</strong></span> <span class='ocrx_word' id='word_1_178' title='bbox 264 2337 430 2405; x_wconf 88' lang='lat' dir='ltr'><strong>adhibenda,</strong></span> <span class='ocrx_word' id='word_1_179' title='bbox 445 2340 471 2396; x_wconf 89' lang='lat' dir='ltr'><strong>si</strong></span> <span class='ocrx_word' id='word_1_180' title='bbox 490 2338 519 2396; x_wconf 92' lang='lat' dir='ltr'><strong>id</strong></span> <span class='ocrx_word' id='word_1_181' title='bbox 533 2339 688 2397; x_wconf 87' lang='lat' dir='ltr'><strong>firmaverit</strong></span> <span class='ocrx_word' id='word_1_182' title='bbox 705 2332 917 2416; x_wconf 80' lang='lat' dir='ltr'><strong>juramento.’&#39;²</strong></span> <span class='ocrx_word' id='word_1_183' title='bbox 957 2341 992 2398; x_wconf 93' lang='lat' dir='ltr'><strong>ln</strong></span> <span class='ocrx_word' id='word_1_184' title='bbox 1015 2339 1102 2396; x_wconf 91' lang='lat' dir='ltr'><strong>dubio</strong></span> <span class='ocrx_word' id='word_1_185' title='bbox 1118 2347 1213 2395; x_wconf 91' lang='lat' dir='ltr'><strong>utrum</strong></span> <span class='ocrx_word' id='word_1_186' title='bbox 1259 2383 1262 2386; x_wconf 83' lang='grc'><em>.</em></span> 
     </span>
     <span class='ocr_line' id='line_1_21' title="bbox 124 2438 1216 2514; baseline -0.003 -17"><span class='ocrx_word' id='word_1_187' title='bbox 124 2439 335 2498; x_wconf 89' lang='lat' dir='ltr'><strong>matrimonium</strong></span> <span class='ocrx_word' id='word_1_188' title='bbox 368 2447 596 2496; x_wconf 86' lang='lat' dir='ltr'><strong>consummatum</strong></span> <span class='ocrx_word' id='word_1_189' title='bbox 626 2438 721 2506; x_wconf 86' lang='lat' dir='ltr'><strong>fuerit,</strong></span> <span class='ocrx_word' id='word_1_190' title='bbox 755 2438 936 2514; x_wconf 74' lang='lat' dir='ltr'><strong>presumitur</strong></span> <span class='ocrx_word' id='word_1_191' title='bbox 962 2439 1051 2496; x_wconf 86' lang='lat' dir='ltr'><strong>fuisse</strong></span> <span class='ocrx_word' id='word_1_192' title='bbox 1083 2455 1216 2495; x_wconf 85' lang='lat' dir='ltr'><strong>consum·</strong></span> 
     </span>
     <span class='ocr_line' id='line_1_22' title="bbox 125 2535 1216 2615; baseline -0.004 -19"><span class='ocrx_word' id='word_1_193' title='bbox 125 2547 243 2605; x_wconf 89' lang='lat' dir='ltr'><strong>matum,</strong></span> <span class='ocrx_word' id='word_1_194' title='bbox 264 2538 320 2595; x_wconf 87' lang='lat' dir='ltr'><strong>uisi</strong></span> <span class='ocrx_word' id='word_1_195' title='bbox 344 2538 508 2615; x_wconf 87' lang='lat' dir='ltr'><strong>oppositum</strong></span> <span class='ocrx_word' id='word_1_196' title='bbox 532 2537 675 2612; x_wconf 88' lang='lat' dir='ltr'><strong>probetur.</strong></span> <span class='ocrx_word' id='word_1_197' title='bbox 725 2536 760 2594; x_wconf 92' lang='lat' dir='ltr'><strong>ln</strong></span> <span class='ocrx_word' id='word_1_198' title='bbox 791 2536 854 2595; x_wconf 89' lang='lat' dir='ltr'><strong>foro</strong></span> <span class='ocrx_word' id='word_1_199' title='bbox 884 2536 995 2594; x_wconf 90' lang='lat' dir='ltr'><strong>interno</strong></span> <span class='ocrx_word' id='word_1_200' title='bbox 1018 2537 1122 2607; x_wconf 89' lang='lat' dir='ltr'><strong>cuique</strong></span> <span class='ocrx_word' id='word_1_201' title='bbox 1145 2535 1216 2592; x_wconf 88' lang='lat' dir='ltr'><strong>fides</strong></span> 
     </span>
     <span class='ocr_line' id='line_1_23' title="bbox 124 2638 215 2697; baseline -0.011 0"><span class='ocrx_word' id='word_1_202' title='bbox 124 2638 215 2697; x_wconf 84' lang='lat' dir='ltr'><strong>datur.</strong></span> 
     </span>
    </p>
   </div>
   <div class='ocr_carea' id='block_1_3' title="bbox 162 2726 1304 2811">
    <p class='ocr_par' dir='ltr' id='par_1_4' title="bbox 162 2726 1304 2811">
     <span class='ocr_line' id='line_1_24' title="bbox 162 2726 1304 2811; baseline -0.007 -15"><span class='ocrx_word' id='word_1_203' title='bbox 162 2741 233 2796; x_wconf 83' lang='lat'><strong>206.</strong></span> <span class='ocrx_word' id='word_1_204' title='bbox 255 2735 377 2802; x_wconf 88' lang='lat' dir='ltr'><strong>Quando</strong></span> <span class='ocrx_word' id='word_1_205' title='bbox 395 2744 508 2795; x_wconf 84' lang='lat' dir='ltr'><strong>constat</strong></span> <span class='ocrx_word' id='word_1_206' title='bbox 526 2737 649 2808; x_wconf 91' lang='lat' dir='ltr'><strong>aliquem</strong></span> <span class='ocrx_word' id='word_1_207' title='bbox 672 2754 736 2793; x_wconf 89' lang='lat' dir='ltr'><strong>esse</strong></span> <span class='ocrx_word' id='word_1_208' title='bbox 757 2736 952 2811; x_wconf 88' lang='lat' dir='ltr'><strong>impotentem,</strong></span> <span class='ocrx_word' id='word_1_209' title='bbox 967 2733 1107 2791; x_wconf 87' lang='lat' dir='ltr'><strong>dubitatur</strong></span> <span class='ocrx_word' id='word_1_210' title='bbox 1119 2742 1215 2790; x_wconf 89' lang='lat' dir='ltr'><strong>autem</strong></span> <span class='ocrx_word' id='word_1_211' title='bbox 1300 2726 1304 2733; x_wconf 79' lang='lat'>&#39;</span> 
     </span>
    </p>
   </div>
   <div class='ocr_carea' id='block_1_4' title="bbox 121 2833 1222 4105">
    <p class='ocr_par' dir='ltr' id='par_1_5' title="bbox 121 2833 1222 4105">
     <span class='ocr_line' id='line_1_25' title="bbox 124 2833 1217 2913; baseline -0.005 -20"><span class='ocrx_word' id='word_1_212' title='bbox 124 2846 217 2895; x_wconf 88' lang='lat' dir='ltr'><strong>utrum</strong></span> <span class='ocrx_word' id='word_1_213' title='bbox 238 2836 404 2912; x_wconf 89' lang='lat' dir='ltr'><strong>impotentia</strong></span> <span class='ocrx_word' id='word_1_214' title='bbox 425 2837 600 2911; x_wconf 86' lang='lat' dir='ltr'><strong>praecesserit</strong></span> <span class='ocrx_word' id='word_1_215' title='bbox 613 2835 802 2913; x_wconf 80' lang='lat' dir='ltr'><strong>matrimonio,</strong></span> <span class='ocrx_word' id='word_1_216' title='bbox 817 2833 988 2910; x_wconf 88' lang='lat' dir='ltr'><strong>probabilius</strong></span> <span class='ocrx_word' id='word_1_217' title='bbox 1010 2842 1129 2890; x_wconf 89' lang='lat' dir='ltr'><strong>censent</strong></span> <span class='ocrx_word' id='word_1_218' title='bbox 1147 2850 1217 2890; x_wconf 93' lang='lat' dir='ltr'><strong>nou·</strong></span> 
     </span>
     <span class='ocr_line' id='line_1_26' title="bbox 125 2931 1213 3010; baseline -0.005 -18"><span class='ocrx_word' id='word_1_219' title='bbox 125 2936 194 2994; x_wconf 92' lang='lat' dir='ltr'><strong>nulli</strong></span> <span class='ocrx_word' id='word_1_220' title='bbox 208 2935 367 2994; x_wconf 88' lang='lat' dir='ltr'><strong>habendam</strong></span> <span class='ocrx_word' id='word_1_221' title='bbox 380 2953 444 2992; x_wconf 89' lang='lat' dir='ltr'><strong>esse</strong></span> <span class='ocrx_word' id='word_1_222' title='bbox 465 2935 687 3002; x_wconf 89' lang='lat' dir='ltr'><strong>antecedentem,</strong></span> <span class='ocrx_word' id='word_1_223' title='bbox 703 2934 885 3010; x_wconf 73' lang='lat' dir='ltr'><strong>presumitur</strong></span> <span class='ocrx_word' id='word_1_224' title='bbox 898 2933 974 2990; x_wconf 89' lang='lat' dir='ltr'><strong>enim</strong></span> <span class='ocrx_word' id='word_1_225' title='bbox 995 2950 1057 2989; x_wconf 89' lang='lat' dir='ltr'><strong>esse</strong></span> <span class='ocrx_word' id='word_1_226' title='bbox 1078 2931 1213 2989; x_wconf 88' lang='lat' dir='ltr'><strong>naturalis</strong></span> 
     </span>
     <span class='ocr_line' id='line_1_27' title="bbox 125 3030 1218 3112; baseline -0.004 -21"><span class='ocrx_word' id='word_1_227' title='bbox 125 3036 187 3112; x_wconf 88' lang='lat' dir='ltr'><strong>ejus</strong></span> <span class='ocrx_word' id='word_1_228' title='bbox 201 3033 340 3102; x_wconf 90' lang='lat' dir='ltr'><strong>conditio,</strong></span> <span class='ocrx_word' id='word_1_229' title='bbox 355 3034 411 3092; x_wconf 90' lang='lat' dir='ltr'><strong>nisi</strong></span> <span class='ocrx_word' id='word_1_230' title='bbox 425 3032 533 3105; x_wconf 90' lang='lat' dir='ltr'><strong>aliquid</strong></span> <span class='ocrx_word' id='word_1_231' title='bbox 546 3032 663 3093; x_wconf 89' lang='lat' dir='ltr'><strong>suadeat</strong></span> <span class='ocrx_word' id='word_1_232' title='bbox 675 3052 738 3092; x_wconf 91' lang='lat' dir='ltr'><strong>eam</strong></span> <span class='ocrx_word' id='word_1_233' title='bbox 759 3041 824 3109; x_wconf 89' lang='lat' dir='ltr'><strong>post</strong></span> <span class='ocrx_word' id='word_1_234' title='bbox 843 3032 1053 3090; x_wconf 89' lang='lat' dir='ltr'><strong>matrimonium</strong></span> <span class='ocrx_word' id='word_1_235' title='bbox 1076 3030 1218 3098; x_wconf 86' lang='lat' dir='ltr'><strong>evenisse,</strong></span> 
     </span>
     <span class='ocr_line' id='line_1_28' title="bbox 125 3129 1215 3210; baseline -0.006 -18"><span class='ocrx_word' id='word_1_236' title='bbox 125 3136 166 3192; x_wconf 89' lang='lat' dir='ltr'><strong>nti</strong></span> <span class='ocrx_word' id='word_1_237' title='bbox 178 3134 205 3192; x_wconf 91' lang='lat' dir='ltr'><strong>si</strong></span> <span class='ocrx_word' id='word_1_238' title='bbox 220 3135 334 3192; x_wconf 87' lang='lat' dir='ltr'><strong>morbus</strong></span> <span class='ocrx_word' id='word_1_239' title='bbox 348 3133 480 3209; x_wconf 86' lang='lat' dir='ltr'><strong>gravissi</strong></span> <span class='ocrx_word' id='word_1_240' title='bbox 494 3133 653 3210; x_wconf 87' lang='lat' dir='ltr'><strong>contigerit,</strong></span> <span class='ocrx_word' id='word_1_241' title='bbox 666 3133 710 3189; x_wconf 87' lang='lat' dir='ltr'><strong>vel</strong></span> <span class='ocrx_word' id='word_1_242' title='bbox 724 3133 844 3190; x_wconf 89' lang='lat' dir='ltr'><strong>testiculi</strong></span> <span class='ocrx_word' id='word_1_243' title='bbox 855 3131 967 3188; x_wconf 91' lang='lat' dir='ltr'><strong>contusi</strong></span> <span class='ocrx_word' id='word_1_244' title='bbox 976 3148 1042 3187; x_wconf 89' lang='lat' dir='ltr'><strong>casn</strong></span> <span class='ocrx_word' id='word_1_245' title='bbox 1058 3129 1215 3187; x_wconf 72' lang='lat' dir='ltr'><strong>videantur,</strong></span> 
     </span>
     <span class='ocr_line' id='line_1_29' title="bbox 121 3214 1217 3309; baseline -0.005 -17"><span class='ocrx_word' id='word_1_246' title='bbox 121 3214 210 3300; x_wconf 83' lang='lat' dir='ltr'><strong>&#39;Quod</strong></span> <span class='ocrx_word' id='word_1_247' title='bbox 225 3233 251 3290; x_wconf 88' lang='lat' dir='ltr'><strong>si</strong></span> <span class='ocrx_word' id='word_1_248' title='bbox 263 3242 374 3291; x_wconf 88' lang='lat' dir='ltr'><strong>constet</strong></span> <span class='ocrx_word' id='word_1_249' title='bbox 387 3233 580 3309; x_wconf 88' lang='lat' dir='ltr'><strong>impotentiam</strong></span> <span class='ocrx_word' id='word_1_250' title='bbox 594 3232 775 3308; x_wconf 72' lang='lat' dir='ltr'><strong>praecessisse</strong></span> <span class='ocrx_word' id='word_1_251' title='bbox 786 3231 978 3297; x_wconf 88' lang='lat' dir='ltr'><strong>matrimonio,</strong></span> <span class='ocrx_word' id='word_1_252' title='bbox 990 3239 1019 3285; x_wconf 92' lang='lat' dir='ltr'><strong>et</strong></span> <span class='ocrx_word' id='word_1_253' title='bbox 1030 3247 1094 3287; x_wconf 91' lang='lat' dir='ltr'><strong>esse</strong></span> <span class='ocrx_word' id='word_1_254' title='bbox 1108 3228 1217 3287; x_wconf 89' lang='lat' dir='ltr'><strong>absolu·</strong></span> 
     </span>
     <span class='ocr_line' id='line_1_30' title="bbox 125 3329 1215 3410; baseline -0.004 -20"><span class='ocrx_word' id='word_1_255' title='bbox 125 3343 180 3390; x_wconf 87' lang='lat' dir='ltr'><strong>tarn</strong></span> <span class='ocrx_word' id='word_1_256' title='bbox 203 3342 231 3389; x_wconf 92' lang='lat' dir='ltr'><strong>et</strong></span> <span class='ocrx_word' id='word_1_257' title='bbox 256 3341 434 3410; x_wconf 78' lang='lat' dir='ltr'><strong>perpetuam,</strong></span> <span class='ocrx_word' id='word_1_258' title='bbox 449 3333 574 3408; x_wconf 85' lang='lat' dir='ltr'><strong>separari</strong></span> <span class='ocrx_word' id='word_1_259' title='bbox 599 3331 712 3399; x_wconf 88' lang='lat' dir='ltr'><strong>debent,</strong></span> <span class='ocrx_word' id='word_1_260' title='bbox 727 3351 784 3389; x_wconf 91' lang='lat' dir='ltr'><strong>non</strong></span> <span class='ocrx_word' id='word_1_261' title='bbox 805 3331 882 3388; x_wconf 89' lang='lat' dir='ltr'><strong>enim</strong></span> <span class='ocrx_word' id='word_1_262' title='bbox 899 3338 966 3389; x_wconf 88' lang='lat' dir='ltr'><strong>suut</strong></span> <span class='ocrx_word' id='word_1_263' title='bbox 988 3330 1048 3386; x_wconf 87' lang='lat' dir='ltr'><strong>veri</strong></span> <span class='ocrx_word' id='word_1_264' title='bbox 1069 3329 1215 3406; x_wconf 86' lang='lat' dir='ltr'><strong>conjuges.</strong></span> 
     </span>
     <span class='ocr_line' id='line_1_31' title="bbox 125 3429 1221 3507; baseline -0.005 -17"><span class='ocrx_word' id='word_1_265' title='bbox 125 3431 272 3507; x_wconf 82' lang='lat' dir='ltr'><strong>indulgeri</strong></span> <span class='ocrx_word' id='word_1_266' title='bbox 286 3431 401 3504; x_wconf 87' lang='lat' dir='ltr'><strong>quidem</strong></span> <span class='ocrx_word' id='word_1_267' title='bbox 416 3440 508 3507; x_wconf 87' lang='lat' dir='ltr'><strong>potest</strong></span> <span class='ocrx_word' id='word_1_268' title='bbox 521 3429 673 3504; x_wconf 89' lang='lat' dir='ltr'><strong>aliquando</strong></span> <span class='ocrx_word' id='word_1_269' title='bbox 687 3439 717 3488; x_wconf 92' lang='lat' dir='ltr'><strong>ut</strong></span> <span class='ocrx_word' id='word_1_270' title='bbox 740 3431 826 3489; x_wconf 91' lang='lat' dir='ltr'><strong>simul</strong></span> <span class='ocrx_word' id='word_1_271' title='bbox 845 3430 980 3497; x_wconf 91' lang='lat' dir='ltr'><strong>habitent,</strong></span> <span class='ocrx_word' id='word_1_272' title='bbox 995 3447 1032 3486; x_wconf 90' lang='lat' dir='ltr'><strong>ne</strong></span> <span class='ocrx_word' id='word_1_273' title='bbox 1046 3447 1111 3487; x_wconf 86' lang='lat' dir='ltr'><strong>curn</strong></span> <span class='ocrx_word' id='word_1_274' title='bbox 1132 3429 1221 3486; x_wconf 90' lang='lat' dir='ltr'><strong>nimia</strong></span> 
     </span>
     <span class='ocr_line' id='line_1_32' title="bbox 128 3528 1220 3608; baseline -0.005 -19"><span class='ocrx_word' id='word_1_275' title='bbox 128 3530 301 3589; x_wconf 85' lang='lat' dir='ltr'><strong>verecundia</strong></span> <span class='ocrx_word' id='word_1_276' title='bbox 316 3531 483 3608; x_wconf 89' lang='lat' dir='ltr'><strong>impotentia</strong></span> <span class='ocrx_word' id='word_1_277' title='bbox 506 3531 684 3596; x_wconf 60' lang='lat' dir='ltr'><strong>innotescam</strong></span> <span class='ocrx_word' id='word_1_278' title='bbox 706 3529 757 3588; x_wconf 90' lang='lat' dir='ltr'><strong>sed</strong></span> <span class='ocrx_word' id='word_1_279' title='bbox 779 3531 808 3588; x_wconf 93' lang='lat' dir='ltr'><strong>id</strong></span> <span class='ocrx_word' id='word_1_280' title='bbox 832 3548 976 3603; x_wconf 86' lang='lat' dir='ltr'><strong>nunquam</strong></span> <span class='ocrx_word' id='word_1_281' title='bbox 1000 3528 1220 3604; x_wconf 89' lang='lat' dir='ltr'><strong>permittendum</strong></span> 
     </span>
     <span class='ocr_line' id='line_1_33' title="bbox 125 3619 1218 3706; baseline -0.007 -17"><span class='ocrx_word' id='word_1_282' title='bbox 125 3629 195 3689; x_wconf 91' lang='lat' dir='ltr'><strong>dicit</strong></span> <span class='ocrx_word' id='word_1_283' title='bbox 214 3629 247 3687; x_wconf 85' lang='lat' dir='ltr'><strong>S.</strong></span> <span class='ocrx_word' id='word_1_284' title='bbox 263 3629 429 3706; x_wconf 81' lang='lat' dir='ltr'><strong>Alphonsus</strong></span> <span class='ocrx_word' id='word_1_285' title='bbox 450 3638 515 3704; x_wconf 89' lang='lat' dir='ltr'><strong>post</strong></span> <span class='ocrx_word' id='word_1_286' title='bbox 537 3630 726 3697; x_wconf 87' lang='lat' dir='ltr'><strong>Merbesium,</strong></span> <span class='ocrx_word' id='word_1_287' title='bbox 741 3630 796 3686; x_wconf 90' lang='lat' dir='ltr'><strong>nisi</strong></span> <span class='ocrx_word' id='word_1_288' title='bbox 820 3630 876 3686; x_wconf 90' lang='lat' dir='ltr'><strong>sint</strong></span> <span class='ocrx_word' id='word_1_289' title='bbox 895 3619 1006 3686; x_wconf 85' lang='lat' dir='ltr'><strong>senes.³</strong></span> <span class='ocrx_word' id='word_1_290' title='bbox 1047 3626 1218 3683; x_wconf 88' lang='lat' dir='ltr'><strong>Nullatenus</strong></span> 
     </span>
     <span class='ocr_line' id='line_1_34' title="bbox 126 3723 1220 3806; baseline -0.007 -19"><span class='ocrx_word' id='word_1_291' title='bbox 126 3730 229 3806; x_wconf 78' lang='lat' dir='ltr'><strong>poterit</strong></span> <span class='ocrx_word' id='word_1_292' title='bbox 242 3729 278 3786; x_wconf 86' lang='lat' dir='ltr'><strong>iis</strong></span> <span class='ocrx_word' id='word_1_293' title='bbox 299 3729 425 3806; x_wconf 80' lang='lat' dir='ltr'><strong>permitti</strong></span> <span class='ocrx_word' id='word_1_294' title='bbox 438 3738 471 3785; x_wconf 89' lang='lat' dir='ltr'><strong>ut</strong></span> <span class='ocrx_word' id='word_1_295' title='bbox 491 3738 580 3786; x_wconf 88' lang='lat' dir='ltr'><strong>tactus</strong></span> <span class='ocrx_word' id='word_1_296' title='bbox 601 3726 761 3803; x_wconf 89' lang='lat' dir='ltr'><strong>impudicos</strong></span> <span class='ocrx_word' id='word_1_297' title='bbox 783 3725 914 3793; x_wconf 89' lang='lat' dir='ltr'><strong>habeant,</strong></span> <span class='ocrx_word' id='word_1_298' title='bbox 930 3726 975 3782; x_wconf 88' lang='lat' dir='ltr'><strong>rel</strong></span> <span class='ocrx_word' id='word_1_299' title='bbox 1002 3723 1071 3780; x_wconf 87' lang='lat' dir='ltr'><strong>alias</strong></span> <span class='ocrx_word' id='word_1_300' title='bbox 1092 3723 1220 3799; x_wconf 88' lang='lat' dir='ltr'><strong>conjugii</strong></span> 
     </span>
     <span class='ocr_line' id='line_1_35' title="bbox 121 3819 1218 3905; baseline -0.007 -18"><span class='ocrx_word' id='word_1_301' title='bbox 121 3829 236 3905; x_wconf 86' lang='lat' dir='ltr'><strong>juribus</strong></span> <span class='ocrx_word' id='word_1_302' title='bbox 263 3836 393 3887; x_wconf 86' lang='lat' dir='ltr'><strong>utantur:</strong></span> <span class='ocrx_word' id='word_1_303' title='bbox 415 3826 492 3899; x_wconf 88' lang='lat' dir='ltr'><strong>quod</strong></span> <span class='ocrx_word' id='word_1_304' title='bbox 518 3828 543 3884; x_wconf 84' lang='lat' dir='ltr'><strong>si</strong></span> <span class='ocrx_word' id='word_1_305' title='bbox 569 3827 606 3884; x_wconf 91' lang='lat' dir='ltr'><strong>ob</strong></span> <span class='ocrx_word' id='word_1_306' title='bbox 625 3833 833 3902; x_wconf 87' lang='lat' dir='ltr'><strong>paupertatem,</strong></span> <span class='ocrx_word' id='word_1_307' title='bbox 849 3833 877 3881; x_wconf 90' lang='lat' dir='ltr'><strong>et</strong></span> <span class='ocrx_word' id='word_1_308' title='bbox 900 3823 935 3880; x_wconf 91' lang='lat' dir='ltr'><strong>ad</strong></span> <span class='ocrx_word' id='word_1_309' title='bbox 958 3819 1106 3881; x_wconf 90' lang='lat' dir='ltr'><strong>celandum</strong></span> <span class='ocrx_word' id='word_1_310' title='bbox 1134 3839 1218 3879; x_wconf 90' lang='lat' dir='ltr'><strong>suum</strong></span> 
     </span>
     <span class='ocr_line' id='line_1_36' title="bbox 125 3919 1222 3995; baseline -0.009 -9"><span class='ocrx_word' id='word_1_311' title='bbox 125 3928 263 3995; x_wconf 87' lang='lat' dir='ltr'><strong>dedecus,</strong></span> <span class='ocrx_word' id='word_1_312' title='bbox 289 3925 391 3986; x_wconf 84' lang='lat' dir='ltr'><strong>eodem</strong></span> <span class='ocrx_word' id='word_1_313' title='bbox 418 3935 531 3984; x_wconf 92' lang='lat' dir='ltr'><strong>utantur</strong></span> <span class='ocrx_word' id='word_1_314' title='bbox 556 3927 640 3992; x_wconf 90' lang='lat' dir='ltr'><strong>lecto,</strong></span> <span class='ocrx_word' id='word_1_315' title='bbox 654 3933 720 3983; x_wconf 88' lang='lat' dir='ltr'><strong>tunc</strong></span> <span class='ocrx_word' id='word_1_316' title='bbox 743 3932 850 3981; x_wconf 90' lang='lat' dir='ltr'><strong>tantum</strong></span> <span class='ocrx_word' id='word_1_317' title='bbox 875 3921 979 3987; x_wconf 87' lang='lat' dir='ltr'><strong>licebit,</strong></span> <span class='ocrx_word' id='word_1_318' title='bbox 1007 3919 1120 3993; x_wconf 90' lang='lat' dir='ltr'><strong>quando</strong></span> <span class='ocrx_word' id='word_1_319' title='bbox 1142 3921 1222 3978; x_wconf 88' lang='lat' dir='ltr'><strong>abest</strong></span> 
     </span>
     <span class='ocr_line' id='line_1_37' title="bbox 125 4020 1220 4105; baseline -0.007 -19"><span class='ocrx_word' id='word_1_320' title='bbox 125 4027 286 4105; x_wconf 88' lang='lat' dir='ltr'><strong>pericnlum</strong></span> <span class='ocrx_word' id='word_1_321' title='bbox 312 4026 440 4084; x_wconf 88' lang='lat' dir='ltr'><strong>libidinis</strong></span> <span class='ocrx_word' id='word_1_322' title='bbox 453 4025 562 4099; x_wconf 85' lang='lat' dir='ltr'><strong>:.quod</strong></span> <span class='ocrx_word' id='word_1_323' title='bbox 583 4026 682 4083; x_wconf 86' lang='lat' dir='ltr'><strong>abesse</strong></span> <span class='ocrx_word' id='word_1_324' title='bbox 703 4024 798 4082; x_wconf 85' lang='lat' dir='ltr'><strong>forsan</strong></span> <span class='ocrx_word' id='word_1_325' title='bbox 818 4022 931 4097; x_wconf 91' lang='lat' dir='ltr'><strong>poterit,</strong></span> <span class='ocrx_word' id='word_1_326' title='bbox 952 4020 1120 4097; x_wconf 90' lang='lat' dir='ltr'><strong>plerumque</strong></span> <span class='ocrx_word' id='word_1_327' title='bbox 1143 4020 1220 4078; x_wconf 90' lang='lat' dir='ltr'><strong>enim</strong></span> 
     </span>
    </p>
   </div>
   <div class='ocr_carea' id='block_1_5' title="bbox 168 4210 1276 4395">
    <p class='ocr_par' dir='ltr' id='par_1_6' title="bbox 168 4207 1276 4395">
     <span class='ocr_line' id='line_1_38' title="bbox 168 4210 1276 4314; baseline -0.006 -20"><span class='ocrx_word' id='word_1_328' title='bbox 168 4246 212 4313; x_wconf 91' lang='lat' dir='ltr'><strong>(l)</strong></span> <span class='ocrx_word' id='word_1_329' title='bbox 231 4243 263 4294; x_wconf 81' lang='grc'><strong>0.</strong></span> <span class='ocrx_word' id='word_1_330' title='bbox 274 4207 583 4314; x_wconf 77' lang='lat' dir='ltr'><strong>Laudabilem,desrlgid.</strong></span> <span class='ocrx_word' id='word_1_331' title='bbox 719 4245 761 4310; x_wconf 76' lang='lat'><strong>(2)</strong></span> <span class='ocrx_word' id='word_1_332' title='bbox 782 4242 812 4293; x_wconf 85' lang='lat'><strong>0.</strong></span> <span class='ocrx_word' id='word_1_333' title='bbox 824 4240 1010 4300; x_wconf 73' lang='lat' dir='ltr'><strong>Gontinobstur,</strong></span> <span class='ocrx_word' id='word_1_334' title='bbox 1020 4237 1049 4289; x_wconf 77' lang='lat' dir='ltr'><strong>de</strong></span> <span class='ocrx_word' id='word_1_335' title='bbox 1061 4236 1128 4306; x_wconf 75' lang='lat' dir='ltr'><strong>desp.</strong></span> <span class='ocrx_word' id='word_1_336' title='bbox 1140 4237 1202 4306; x_wconf 78' lang='lat' dir='ltr'><strong>imp.</strong></span> <span class='ocrx_word' id='word_1_337' title='bbox 1268 4210 1276 4223; x_wconf 29' lang='grc' dir='ltr'><strong><em>Α</em></strong></span> 
     </span>
     <span class='ocr_line' id='line_1_39' title="bbox 532 4325 785 4395; baseline -0.004 -19"><span class='ocrx_word' id='word_1_338' title='bbox 532 4329 575 4395; x_wconf 84' lang='lat' dir='ltr'><strong>(a)</strong></span> <span class='ocrx_word' id='word_1_339' title='bbox 594 4325 660 4378; x_wconf 77' lang='lat' dir='ltr'><strong>nvi.</strong></span> <span class='ocrx_word' id='word_1_340' title='bbox 671 4343 698 4378; x_wconf 84' lang='lat' dir='ltr'><strong>n.</strong></span> <span class='ocrx_word' id='word_1_341' title='bbox 712 4330 785 4376; x_wconf 90' lang='lat'>1101.</span> 
     </span>
    </p>
   </div>
   <div class='ocr_carea' id='block_1_6' title="bbox 0 0 1337 4860">
    <p class='ocr_par' dir='ltr' id='par_1_7' title="bbox 0 0 1337 4860">
     <span class='ocr_line' id='line_1_40' title="bbox 0 0 1337 4860; baseline 0 0"><span class='ocrx_word' id='word_1_342' title='bbox 0 0 1337 4860; x_wconf 95' lang='lat' dir='ltr'><strong> </strong></span> 
     </span>
    </p>
   </div>
  </div>
 </body>
</html>
