2640 4860
178 420 237 475 200
408 411 465 471 DE
487 409 663 469 CASUUM
685 409 1028 470 RESERVATIONE.

175 582 287 639 casibus
311 596 383 651 quos
404 579 458 635 sibi
478 578 607 653 episcopi
629 586 784 644 reservant,
802 577 914 635 etiamsi
927 578 1096 653 poenitentes
1110 592 1175 632 eam
1191 573 1266 650 igno·

174 680 308 744 raserint,
330 678 397 750 quia
419 677 524 734 directe
539 675 627 733 afficit
645 676 847 742 confessarios,
872 694 993 747 quorum
1008 682 1182 751 potestatem
1197 674 1265 729 intra

175 778 281 836 limites
296 777 431 833 arctiores
445 777 580 840 continet,
601 785 632 831 ut
652 785 815 850 peccatores
829 775 919 831 veniae
933 773 1096 832 difficultate
1111 772 1267 829 abstinean-

176 887 221 934 tur
246 896 263 932 a
287 874 421 951 peccatis,
443 883 471 930 et
491 894 507 930 a
527 874 722 949 superioribus
743 874 876 931 salutaria
898 873 1015 940 monita,
1037 881 1066 928 et
1085 870 1266 946 poenitentias

177 975 334 1050 accipiant:
350 981 554 1050 “magnopere
568 970 669 1040 verb,’'
691 973 732 1030 uti
746 971 944 1030 animadvertit
956 970 1112 1029 concilium
1127 968 1270 1027 Tridenti-

178 1092 258 1139 num‚
274 1081 294 1106 ‘⁶
304 1070 339 1128 ad
352 1071 500 1128 christiani
511 1070 611 1148 populi
625 1070 804 1147 disciplinam
819 1071 960 1147 pertinere
979 1069 1172 1127 sanctissimis
1185 1067 1267 1144 patri·

177 1173 231 1230 bus
245 1171 349 1230 nostris
363 1173 457 1228 visum
480 1178 533 1236 est,
554 1177 586 1226 ut
608 1170 744 1227 atrociora
763 1169 891 1242 quasdam
913 1170 1033 1226 crimina
1052 1186 1111 1225 non
1125 1186 1142 1223 a
1156 1167 1270 1238 quibus·

178 1271 255 1338 dam,
270 1268 321 1327 sed
334 1288 350 1324 a
363 1269 483 1326 summis
504 1267 640 1326 duntaxat
659 1267 863 1336 sacerdotibus,
885 1261 1147 1327 absolverentur.'’¹
1188 1265 1270 1322 Finis

179 1370 251 1447 legis
264 1369 414 1434 obtinetur,
434 1366 501 1423 durn
517 1368 558 1425 illi
578 1368 663 1424 etiam
689 1368 738 1439 qui
759 1368 932 1443 ignorarunt.
954 1384 1103 1425 censuram
1128 1375 1268 1439 coguntur

177 1468 254 1526 adire
280 1467 468 1542 superiorem,
489 1466 524 1524 ab
547 1485 582 1524 eo
608 1466 779 1532 monendus,
801 1476 829 1523 et
848 1467 965 1524 nonnisi
990 1463 1107 1523 salutari
1139 1464 1269 1540 injuncta

178 1566 342 1644 poenitentia
355 1563 555 1623 absolvendus.
598 1562 683 1629 Quod
696 1565 721 1621 si
741 1583 824 1622 casus
838 1583 985 1622 censuram
1000 1564 1103 1621 babeat
1116 1561 1268 1627 adnexam,

179 1666 240 1723 haec
254 1663 382 1738 quidem,
396 1663 432 1721 ob
447 1664 521 1740 juris
542 1662 773 1740 dispositionem,
788 1683 847 1721 non
859 1663 928 1741 ligat
940 1664 1123 1740 ignorantes:
1147 1661 1198 1719 sed
1213 1679 1269 1719 non

178 1763 244 1822 ideo
254 1762 358 1821 desinit
371 1763 534 1830 reservatio,
558 1782 621 1835 quae
643 1764 788 1840 praecipua
807 1772 850 1819 est
863 1763 893 1820 in
905 1763 1026 1820 casibus
1040 1760 1267 1838 episcopalibus,

178 1881 299 1921 censura
312 1861 421 1919 adnexa
434 1872 466 1919 ut
479 1871 642 1938 peccatores
656 1861 756 1919 sortius
770 1861 901 1937 ligentur,
916 1871 945 1919 et
957 1862 1167 1918 absterreantur
1179 1878 1195 1915 a
1205 1876 1269 1934 pec·

179 1963 258 2029 catis;
271 1961 339 2021 dum
349 1961 378 2018 in
393 1962 504 2019 casibus
519 1961 667 2037 papalibus
680 1978 800 2018 censura
811 1969 855 2017 est
867 1961 1020 2037 precipua,
1034 1959 1190 2016 reservatio
1205 1954 1270 2015 verb

182 2079 309 2119 censurae
324 2059 443 2137 adjecta,
458 2057 580 2131 ideoque
594 2059 730 2132 quicquid
743 2080 759 2117 a
772 2078 892 2118 censura
905 2066 1032 2126 excusat,
1047 2077 1064 2115 a
1077 2056 1271 2115 reservatione

180 2161 267 2217 etiam
280 2152 426 2215 excusat?

224 2259 291 2313 156.
324 2255 475 2312 Peccatum
501 2253 627 2312 mortale
652 2264 759 2314 tantum
784 2255 921 2314 reservari
946 2256 1036 2322 solet;
1068 2255 1174 2313 frustra
1195 2253 1272 2311 enim

179 2361 368 2412 reservaretur
379 2350 497 2419 veniale,
510 2370 597 2425 quum
609 2353 676 2411 illud
691 2355 820 2415 confiteri
834 2346 938 2442 nonIsit
950 2372 1081 2421 necesse,
1097 2355 1230 2426 quamvis
1246 2353 1271 2407 si

178 2461 378 2518 reservaretur,
393 2468 451 2508 non
465 2462 563 2526 posset
574 2454 679 2510 remitti
694 2472 745 2529 per
758 2463 964 2513 sacramentum
982 2452 1168 2529 penitentie,
1183 2468 1271 2523 quum

179 2552 331 2631 episcopus
345 2549 506 2608 facultatem
527 2549 720 2619 subduxisset,
741 2552 792 2609 sed
813 2554 875 2611 aliis
896 2553 1052 2610 rationibus
1072 2551 1159 2608 venia
1181 2550 1272 2626 impe·

180 2650 277 2709 tranda
290 2650 371 2709 soret.

222 2754 289 2809 157.
317 2749 442 2808 laterna
462 2757 578 2826 peccata
603 2750 687 2807 etiarn
714 2750 891 2825 gravissima,
913 2770 971 2810 nou
998 2751 1093 2808 solent
1119 2749 1271 2814 reservari,

180 2850 311 2922 quamvis
325 2849 426 2927 procul
440 2846 527 2905 dubio
540 2849 678 2906 reservari
701 2858 827 2924 possent,
849 2869 937 2923 quum
958 2846 1125 2911 absolvendi
1146 2858 1272 2925 potestas

180 2949 253 3009 intra
265 2949 381 3015 limites,
396 2965 433 3005 cx
447 2947 560 3007 arbitrio
572 2948 712 3024 episcopi,
722 2949 906 3007 contineatur.
950 2948 1145 3006 Reservantur
1155 2957 1272 3024 peccata

180 3057 306 3115 externa,
321 3045 479 3119 etquidem
490 3055 748 3107 reconsummata:
765 3046 865 3107 odiosa
879 3048 955 3105 enim
964 3056 1096 3105 censetur
1106 3047 1270 3113 reservatio,

179 3155 208 3202 et
227 3145 262 3203 ad
285 3155 363 3203 actus
383 3154 596 3204 consummatos
617 3146 803 3221 restringitur,
825 3147 880 3204 nisi
900 3146 970 3205 alias
992 3153 1103 3205 constet
1123 3144 1159 3202 de
1179 3155 1270 3202 mente

179 3246 361 3302 reservantis.
383 3243 416 3298 Si
431 3243 555 3301 incestus
570 3253 738 3312 reservetur,
753 3245 862 3303 absolvi
876 3255 971 3322 potest
980 3234 1032 3318 ⁴qui
1042 3243 1271 3302 tactushabuerit

180 3351 287 3418 turpes,
302 3343 361 3399 imo
375 3349 403 3398 et
415 3340 559 3416 copulam,
582 3344 691 3403 semine
711 3354 790 3401 extra
810 3362 859 3401 vas
885 3343 988 3411 effuso,
1011 3362 1078 3401 cum
1098 3343 1267 3420 propinqua.

182 3439 216 3496 Si
229 3438 360 3498 sodomia
382 3449 524 3496 reservata
544 3442 589 3509 sit,
614 3442 779 3518 intelligitur
800 3442 886 3504 maris
907 3461 971 3503 cum
986 3460 1074 3509 mare,
1089 3441 1136 3499 vel
1149 3442 1268 3500 foemina
1310 3511 1312 3515 ¹

179 3557 245 3596 cum
266 3537 383 3597 foemina
405 3537 514 3594 coitus:
536 3559 593 3598 non
614 3550 707 3598 autem
732 3560 794 3613 quae
815 3541 981 3617 imperfecta
1007 3540 1140 3599 sodomia
1159 3540 1264 3605 dieitur,

179 3638 265 3696 maris
280 3638 388 3696 scilicet
400 3655 464 3694 cum
479 3637 595 3695 foemina
609 3640 638 3696 in
652 3657 719 3696 vase
734 3638 869 3698 indebito.
892 3640 950 3697 Sed
966 3641 1133 3716 provocatio
1147 3639 1183 3697 ad
1197 3638 1264 3697 duel·

178 3737 249 3805 lum,
264 3746 293 3795 et
304 3738 368 3815 ejus
382 3737 547 3811 acceptatio,
563 3738 645 3795 etiam
668 3737 803 3798 conflictu
824 3758 883 3799 non
904 3747 1012 3806 secuto,
1034 3747 1197 3797 reservatur
1209 3754 1263 3814 spe·

179 3837 297 3895 cialibus
318 3837 566 3895 constitutionibus
594 3837 758 3911 pontificiis.
801 3839 834 3895 Si
861 3847 941 3895 aetus
967 3846 1103 3897 externus
1129 3838 1201 3894 levis
1223 3836 1260 3898 sit,

179 3936 309 4010 quamvis
322 3936 440 3995 interius
453 3944 554 4012 peccet
566 3935 630 4008 quis
644 3936 822 4010 gravissime,
837 3936 988 3995 reservatio
1002 3955 1060 3994 non
1073 3936 1193 4004 obtinet,
1204 3949 1259 3992 nam

178 4035 297 4110 respicit
309 4036 452 4111 praecipue
466 4042 558 4091 actum
572 4044 731 4093 externum.

220 4136 293 4194 158,
308 4133 492 4209 Impuberum
507 4143 623 4209 peccata
636 4152 694 4191 non
707 4142 859 4192 censentur
874 4142 1028 4200 reservata,
1043 4132 1101 4191 nisi
1115 4132 1255 4213 episcopus

213 4347 256 4414 (l)
276 4347 341 4400 Soss-
352 4349 401 4402 xiv,
412 4364 465 4418 cap.
476 4350 516 4401 vii.
527 4349 557 4400 de
564 4350 655 4419 poenit.
864 4353 906 4418 (2)
938 4352 965 4400 S.
976 4350 1051 4420 Alph.
1063 4349 1079 4404 l.
1090 4350 1123 4400 vi.
1132 4366 1158 4401 n.
1169 4353 1221 4402 682·
