2640 4860
180 386 236 441 too
464 379 522 439 DE
542 377 768 440 sacfflltlolt
789 378 975 439 NATURA.

212 552 263 609 76.
285 546 352 606 Hoc
364 547 536 607 sacrificium
550 549 683 625 impetrat
695 562 824 624 persaepe
843 546 961 623 gratiam
981 546 1171 622 poenitentias,
1188 547 1272 623 qnip

176 667 232 726 pe:
256 646 370 724 “hujus
384 646 525 706 oblatione
544 646 671 724 placatus
691 644 837 706 Dominus
859 645 976 721 gratiam
997 654 1026 701 et
1048 643 1160 704 donum
1181 647 1274 722 poeni-

177 748 271 806 tentiae
297 746 471 815 concedens,
498 747 617 805 crimina
648 756 676 805 et
700 756 815 823 peccata
840 744 925 800 etiam
950 744 1077 820 ingentia
1103 735 1273 803 dimittit.”¹

177 846 281 904 Poenas
296 846 362 904 verit
376 858 556 923 peccatorum
571 846 734 905 hominibus
742 845 830 922 justis
844 860 897 919 pro
911 843 1014 914 quibus
1024 843 1155 911 offertur,
1170 860 1273 901 cense-

178 956 222 1003 tur
234 964 286 1022 per
298 964 330 1003 se
344 946 497 1014 remittere3
512 945 630 1023 quippe,
645 944 763 1003 docente
784 944 816 1002 S.
841 942 967 1011 Thomu,
992 951 1011 978 ‘⁴
1021 944 1052 1001 in
1072 952 1215 1014 quantum
1229 945 1274 999 est

176 1045 358 1114 sacrificium,
386 1045 470 1104 habet
488 1045 546 1103 vim
572 1038 821 1103 satisfactivam.’'²
860 1041 992 1119 Adauget
1010 1043 1141 1120 gratiam,
1165 1041 1275 1100 auxilia

178 1144 387 1222 suppeditando
420 1145 454 1203 ad
481 1154 560 1203 actus
592 1142 781 1220 perficiendos
807 1142 911 1214 quibus
937 1142 1026 1218 gratia
1051 1142 1211 1199 accrescit:
1245 1150 1274 1198 et

178 1244 301 1320 plurima
313 1245 387 1303 bona
400 1242 566 1322 spiritualia,
590 1260 618 1301 et
637 1244 722 1301 etiam
737 1241 912 1318 temporalia,
934 1249 1073 1314 quatenus
1087 1239 1192 1297 animae
1206 1258 1273 1316 pro·

177 1345 244 1411 sint,
259 1346 400 1420 impetrat.

218 1450 268 1503 77.
290 1444 336 1502 De
350 1444 450 1502 Missas
464 1445 566 1501 virtute
580 1442 738 1502 audiendus
751 1450 796 1500 est
808 1441 840 1498 S.
855 1440 1003 1499 Thomas:
1027 1447 1047 1474 “
1057 1440 1087 1497 ὶη
1102 1439 1200 1497 Missa
1212 1437 1272 1496 duo

179 1555 223 1600 est
234 1543 424 1611 considerare,
445 1542 553 1601 scilicet
565 1544 660 1619 ipsum
674 1551 892 1607 sacramentum,
907 1540 984 1612 quod
997 1549 1042 1596 est
1054 1538 1227 1615 principale,
1243 1548 1271 1595 et

179 1644 320 1700 crationes
335 1660 398 1714 quae
412 1643 441 1701 in
455 1643 548 1701 Missa
566 1643 639 1700 fiunt
659 1661 711 1720 pro
723 1641 796 1698 vivis
816 1650 845 1696 et
867 1640 997 1697 mortuis.
1039 1637 1189 1704 Quantum
1203 1654 1271 1714 ergo

179 1740 213 1796 ad
235 1751 453 1809 sacramentum,
481 1761 538 1800 non
559 1743 653 1800 minus
680 1741 755 1798 valet
779 1739 874 1798 Missa
899 1736 1054 1795 sacerdotis
1080 1738 1162 1805 mali,
1185 1755 1270 1809 quam

178 1839 262 1897 boni:
284 1842 352 1913 quia
371 1842 518 1915 utrobique
541 1840 617 1899 idern
637 1840 786 1900 conficitur
806 1848 1024 1896 sacramentum.
1067 1835 1170 1895 Oratio
1187 1836 1272 1894 otiam

180 1957 243 2012 qnae
257 1940 289 1999 lit
302 1942 331 1999 in
346 1942 448 2009 Missa,
463 1949 558 2018 potest
577 1939 750 1999 considerari
770 1936 937 2014 dupliciter:
960 1954 1017 1994 uno
1038 1935 1125 1995 modo
1138 1936 1170 1994 in
1185 1953 1272 2008 quan·

180 2050 239 2096 turn
261 2041 348 2098 habet
367 2041 523 2098 efficaciam
544 2058 582 2096 ex
604 2038 757 2097 devotione
779 2037 933 2094 sacerdotis
953 2036 1077 2095 orantis:
1100 2045 1130 2093 et
1150 2037 1194 2093 sio
1214 2052 1272 2092 uon

179 2149 223 2194 est
247 2139 377 2205 dubium,
402 2137 478 2210 quod
499 2139 593 2197 Missa
612 2137 738 2196 melioris
759 2136 912 2233 sacepdotis
933 2135 1023 2212 magis
1042 2143 1087 2192 est
1108 2135 1270 2193 fructuosa:

178 2236 234 2292 alio
254 2235 340 2294 modo
355 2239 383 2294 in
398 2245 534 2307 quantum
557 2237 646 2294 oratio
666 2237 696 2293 in
715 2235 808 2294 Missa
821 2234 961 2312 profertur
974 2255 990 2292 a
1003 2233 1151 2293 sacerdote
1165 2235 1196 2291 iu
1209 2251 1273 2310 per·

180 2356 249 2394 sona
276 2337 361 2392 totius
388 2334 539 2402 Ecclesiae,
566 2335 647 2412 cujus
671 2332 803 2392 sacerdos
824 2344 868 2392 est
888 2335 1032 2392 minister:
1055 2333 1132 2406 quod
1154 2332 1272 2406 quidem

179 2436 369 2493 ministerium
384 2434 468 2491 etiarn
484 2435 513 2491 in
525 2435 721 2511 peccatoribus
735 2443 847 2492 manet:
870 2435 943 2491 sicut
956 2452 1041 2510 supra
1054 2432 1162 2492 dictum
1178 2442 1223 2491 est
1236 2431 1271 2490 de

181 2535 341 2594 ministerio
355 2534 475 2592 Christi.
519 2534 605 2592 Unde
618 2535 703 2592 etiam
718 2544 855 2607 quantum
870 2533 903 2590 ad
918 2532 973 2590 hoc
987 2542 1031 2591 est
1044 2532 1202 2601 fructuosa,
1216 2551 1275 2591 non

181 2638 275 2694 solum
289 2637 379 2695 oratio
400 2633 553 2693 sacerdotis
576 2635 733 2712 peccatoris
747 2634 776 2691 in
791 2633 895 2700 Missa,
917 2630 968 2690 sed
991 2633 1076 2690 etiam
1090 2650 1194 2691 omnes
1209 2633 1271 2708 ejus

181 2738 332 2804 orationes,
355 2754 424 2809 quas
449 2735 517 2793 lacit
536 2735 567 2793 in
591 2734 790 2792 ecclesiasticis
810 2731 924 2800 officiis,
946 2733 975 2790 in
998 2732 1101 2804 quibus
1123 2732 1198 2808 gerit
1211 2748 1273 2807 per·

182 2854 283 2893 sonam
297 2835 448 2903 Ecclesiae,
471 2835 538 2893 licet
559 2834 700 2893 orationes
723 2835 786 2910 ejus
808 2832 925 2909 privatae
949 2850 1006 2888 non
1029 2832 1085 2888 sint
1105 2830 1271 2897 fructuosae,

180 2934 338 2993 secuudum
360 2935 429 2993 illud
444 2934 664 2993 Proverbiorum
677 2932 828 2990 XXVIII:
865 2931 942 2998 ‘Qui
957 2929 1081 2988 declinat
1094 2949 1178 2988 aures
1194 2949 1272 2998 suas,

180 3054 216 3092 uc
231 3035 326 3093 audiat
337 3034 442 3111 legem,
457 3034 547 3092 oratio
561 3035 623 3111 ejus
637 3034 691 3091 erit
702 3023 918 3090 execrabilis.'’²

220 3139 269 3192 78.
292 3133 437 3191 Infinitum
450 3152 514 3191 esse
528 3133 652 3191 valorem
666 3132 798 3190 sacrificii
812 3149 864 3207 pro
884 3131 966 3189 nobis
980 3149 996 3186 a
1010 3129 1129 3187 Christo
1144 3131 1173 3188 in
1188 3148 1273 3187 cruce

181 3232 265 3290 oblati
281 3241 405 3289 constat:
424 3231 501 3302 quod
517 3231 592 3287 idern
604 3250 636 3287 ac
645 3230 739 3288 Missa
746 3241 790 3288 est
798 3231 893 3303 quoad
904 3229 1045 3287 victimam
1056 3238 1085 3286 et
1094 3220 1273 3287 sacerdotem

181 3331 373 3404 precipuum:
398 3328 496 3386 “Una
510 3330 586 3386 enirn
600 3328 758 3400 eademque
771 3340 815 3386 est
833 3330 938 3397 hostia,
952 3328 1027 3386 idem
1049 3346 1125 3386 nunc
1145 3328 1273 3386 offerens

182 3427 358 3484 sacerdotum
369 3427 537 3494 ministerio,
547 3428 597 3500 qui
604 3428 732 3502 seipsum
740 3436 805 3485 tunc
813 3429 842 3487 in
851 3447 935 3487 cruce
944 3428 1054 3495 obtulit,
1064 3428 1125 3485 sola
1133 3425 1273 3486 offerendi

181 3526 289 3583 ratione
309 3517 470 3583 diversa.”³
511 3525 667 3603 Disputant
680 3536 773 3584 tamen
794 3528 920 3606 theologi
941 3537 1033 3585 utrum
1047 3536 1139 3585 certus
1158 3526 1275 3599 quidam

182 3625 284 3705 gradus
310 3624 509 3683 satisfactionis
532 3626 563 3684 in
586 3626 708 3703 singulis
731 3628 879 3687 sacrificiis
902 3626 1087 3705 applicandus
1112 3645 1127 3683 a
1152 3624 1272 3684 Christo

182 3727 314 3785 definitus
341 3728 389 3794 sit,
417 3727 462 3782 vel
488 3725 645 3802 redemptio
669 3727 786 3803 copiosa
812 3730 849 3786 sit
874 3726 1053 3803 applicanda,
1077 3725 1157 3783 nullo
1179 3724 1272 3782 limite

181 3829 321 3904 apposito,
331 3834 432 3904 praeter
442 3845 507 3884 cum
518 3827 612 3900 quiex
623 3825 772 3884 hominurn
783 3828 937 3905 capacitate
950 3826 1029 3882 finita
1039 3825 1135 3882 oritur.
1180 3822 1270 3891 Quid-

181 3926 249 3998 quid
263 3929 310 3997 sit,
325 3947 381 3986 non
395 3927 481 3986 licere
496 3927 549 3985 hac
561 3927 603 3985 uti
616 3927 756 3985 sententia
769 3926 804 3985 ad
818 3927 939 4004 pecunia
951 3922 1145 3999 emungendos
1160 3922 1272 3990 fideles,

181 4036 348 4084 constater
369 4026 488 4084 decretis
515 4027 547 4085 S.
571 4025 809 4105 Congregationis
830 4037 858 4084 et
884 4025 1067 4083 Summorum
1095 4022 1271 4082 Pontificum

180 4133 281 4196 postea
294 4126 459 4184 referendis.

218 4281 260 4344 (l)
280 4279 356 4329 (lonc.
369 4282 436 4331 Trid.
448 4282 513 4332 Sese.
524 4287 585 4336 xxii.
596 4303 648 4351 cap.
659 4286 684 4335 ii.
787 4287 824 4344 (2)
843 4283 876 4332 iii.
887 4297 912 4346 p.
924 4297 964 4345 qu.
976 4280 1054 4330 lxxix.
1066 4285 1109 4329 art
1121 4294 1144 4326 v.
1184 4279 1258 4346 Resp.

217 4363 259 4426 (3)
280 4361 379 4422 Ibidem,
390 4379 431 4427 qu.
442 4365 529 4416 lxxxii.
540 4375 584 4420 art.
594 4369 626 4418 vi.
644 4369 719 4434 Resp.
788 4367 830 4432 (4)
850 4365 927 4414 Gonc.
939 4363 1006 4414 Trid.
1018 4363 1083 4414 Sese.
1095 4361 1156 4414 xxii.
1167 4377 1189 4413 c.
1200 4361 1226 4413 ii.
