2640 4860
109 398 170 455 m
306 382 365 447 DE
385 380 708 445 munuluuuuts
727 378 1012 442 MATRIMONII.

152 558 219 615 139.
240 551 342 613 Error
363 553 440 610 circa
462 568 614 628 pcmonam
634 550 808 609 matrimonii
820 549 911 608 valori
927 541 1042 618 obstat3
1063 567 1117 608 neo
1130 551 1196 608 enim

109 656 228 715 habetur
252 670 422 719 consensus,
448 652 510 709 sine
530 669 590 724 quo
615 649 828 708 matrimonium
848 649 962 709 nullum
985 658 1040 708 est.
1084 648 1160 706 Hinc
1176 650 1198 707 si

110 755 181 813 alius
196 771 248 829 pro
262 769 381 828 sponso,
395 750 439 808 rel
462 750 516 807 alia
537 768 589 825 pro
609 767 725 825 sponsa,
741 749 883 824 ignoranti
903 747 1052 816 offeratur,
1067 748 1143 806 nulla
1154 750 1200 806 erit

110 855 154 912 ris
168 867 327 911 cousensus
341 850 468 926 prestiti,
488 849 556 906 licet
575 859 673 907 secuta
695 848 732 906 sit
751 847 870 923 copula:
895 858 1074 924 quapropter
1085 847 1139 905 Lia
1150 866 1196 923 pro

111 950 238 1012 Rachcle
264 949 373 1009 Jacobo
399 947 474 1015 data,
501 967 560 1007 uon
585 947 638 1006 fuit
666 948 729 1024 ejus
757 965 843 1014 uxor,
870 947 927 1005 uisi
954 965 1032 1006 novo
1062 965 1197 1006 consensu

113 1052 251 1130 praestito,
274 1057 339 1126 post
357 1065 481 1106 emonem
501 1046 653 1105 detectum.
695 1047 784 1104 Error
797 1056 891 1104 autem
902 1046 953 1118 qui
967 1046 1133 1119 qualitatem
1147 1055 1199 1104 tan·

113 1149 261 1211 tummodo
280 1158 400 1224 spectat,
422 1165 480 1205 non
505 1147 598 1206 obstat
618 1144 784 1212 consensui,
805 1145 861 1203 nisi
883 1144 1013 1204 conditio
1033 1146 1150 1204 omniuo
1168 1147 1200 1202 sit

113 1250 252 1327 apposita.
294 1247 404 1319 Siquis
419 1247 531 1322 generis
544 1245 728 1311 nobilitatem,
739 1243 888 1302 divitiaene
903 1244 1101 1312 ementiendo,
1116 1246 1197 1321 insig-

114 1367 165 1408 nes
186 1346 297 1423 nuptias
318 1346 372 1403 sibi
393 1345 600 1414 conciliaverit,
622 1363 685 1418 quaa
705 1344 733 1401 ei
745 1343 842 1419 nupsit
854 1363 913 1402 non
927 1340 1023 1420 potest
1036 1362 1199 1403 consensum

115 1448 226 1508 irritum
246 1447 350 1510 lacere,
370 1445 438 1519 quia
458 1462 496 1503 ex
516 1463 611 1503 errore
633 1443 776 1521 profectus
796 1454 850 1510 est,
869 1443 940 1502 dolo
962 1444 1041 1502 illius
1070 1454 1099 1501 et
1116 1444 1200 1519 culpa.

114 1547 173 1614 Qui
197 1546 320 1621 puellam
345 1542 426 1603 duxit
448 1545 529 1602 boum
552 1544 646 1610 famae,
666 1544 704 1601 ita
729 1543 825 1600 animo
844 1533 1004 1621 dispositus
1030 1552 1062 1600 ut
1083 1543 1199 1600 vitiatam

114 1646 233 1706 minime
246 1644 371 1710 duceret,
391 1662 450 1702 uon
470 1652 564 1720 potest
576 1642 788 1701 matrimonium
802 1641 957 1708 infirmare,
971 1643 1042 1700 licet
1053 1642 1199 1718 reperiatur

112 1744 202 1804 luisse
216 1753 356 1820 corrupta.
398 1743 527 1810 Qualitas
540 1760 669 1819 personae
683 1742 712 1798 in
725 1740 910 1799 substantiam
922 1741 1084 1800 redundare
1097 1740 1197 1806 dicitur,

114 1842 229 1917 quando
242 1843 309 1916 quis
322 1861 493 1901 consensum
507 1861 592 1900 suum
606 1860 640 1899 ea
652 1839 817 1898 conditione
835 1838 893 1908 dat,
907 1839 980 1898 adeo
994 1849 1026 1899 ut
1038 1841 1111 1899 nolit
1129 1840 1199 1897 aliter

115 1945 292 2001 consentire:
315 1960 373 2014 quo
386 1960 452 2000 casu
467 1959 624 2000 consensus
638 1940 679 1999 nil
693 1939 776 2007 valet,
790 1938 940 1997 deficiente
954 1940 1132 1998 conditione.
1156 1938 1199 1995 Sic

115 2043 140 2099 si
154 2043 218 2115 quis
232 2041 322 2099 dicat:
345 2038 418 2097 duco
432 2051 469 2106 te,
482 2041 508 2096 si
521 2059 620 2098 revera
631 2041 710 2116 virgo
723 2039 781 2105 sis;
803 2038 912 2096 nullum
926 2048 971 2096 est
984 2039 1198 2101 matrimonium,

115 2142 140 2198 si
155 2141 239 2197 inerit
251 2148 391 2214 corrupta.
433 2136 557 2204 Quando
577 2138 697 2209 qualitas
719 2147 763 2194 est
782 2139 896 2214 propria
919 2138 1044 2215 alicujus
1069 2154 1198 2215 persona,

116 2237 187 2295 adeo
200 2247 307 2295 uteam
322 2236 356 2292 ab
373 2235 436 2292 aliia
457 2234 610 2301 discernat,
632 2255 668 2294 v:
683 2255 719 2313 g:
744 2235 820 2308 quod
842 2235 974 2309 quaedam
996 2236 1056 2295 filia
1079 2238 1115 2294 sit
1135 2235 1200 2312 regis

115 2334 275 2412 cujusdam,
289 2332 396 2391 ducens
410 2332 563 2406 quandam,
584 2352 648 2406 quaa
670 2334 742 2394 falso
762 2353 794 2392 se
807 2334 875 2393 dicit
887 2353 951 2394 eam
966 2354 1043 2404 esse,
1059 2355 1117 2394 non
1130 2347 1197 2392 tene·

117 2446 161 2493 tur
174 2450 316 2493 consensu
331 2432 408 2502 dato,
423 2434 471 2506 qui
485 2452 580 2492 errore
595 2434 707 2492 vitiatus
720 2443 773 2492 est.
801 2433 851 2492 Sic
865 2435 915 2506 qui
928 2433 1044 2492 duceret
1058 2433 1201 2508 quandam,

117 2554 180 2608 qun
194 2534 253 2592 filia
266 2531 413 2611 cujusdam
434 2532 588 2601 dicebatur,
609 2534 681 2592 liber
699 2531 847 2591 habendus
868 2532 951 2600 foret,
965 2535 991 2591 si
1017 2533 1074 2591 alia
1094 2526 1204 2608 prorsus¹

118 2645 185 2692 crat.
228 2634 286 2700 Qui
299 2633 415 2691 duceret
428 2633 578 2706 quandam,
594 2652 656 2705 quae
670 2633 798 2709 legitima
811 2631 868 2689 filia
881 2642 909 2690 et
921 2632 1016 2690 haeres
1030 2634 1200 2695 censebatur,

119 2753 203 2807 quam
218 2744 319 2810 postea
337 2733 444 2808 reperit
465 2751 528 2790 esse
548 2733 684 2808 spuriam,
706 2731 842 2790 natalium
857 2732 926 2790 vitio
940 2743 1099 2808 comperto,
1115 2739 1204 2809 posset

117 2833 188 2892 liber
200 2833 311 2901 haberi,
325 2832 350 2889 si
363 2850 520 2889 consensus
535 2832 561 2888 ci
576 2842 717 2904 tamquam
731 2831 796 2888 fitia
807 2831 939 2908 legitimae
951 2831 1035 2889 datus
1049 2832 1201 2889 videretur:

117 2932 169 2989 sed
188 2933 282 3009 potius
312 2942 422 2990 tenetur
450 2931 573 2998 vinculo,
600 2950 687 3003 quum
714 2949 792 2989 error
821 2930 905 2989 fuerit
925 2931 962 2989 de
985 2932 1133 3004 qualitate.
1173 2929 1201 2985 Si

118 3050 275 3090 cousensus
297 3031 432 3108 dirigatur
452 3031 594 3108 praecipue
614 3031 644 3088 in
666 3030 840 3103 qualitatem,
861 3040 890 3088 et
911 3031 1085 3089 secundario
1099 3033 1127 3088 in
1148 3048 1203 3106 per·

118 3149 229 3199 sonam,
253 3150 330 3189 error
353 3132 382 3190 in
407 3131 540 3204 qualitate
559 3148 624 3188 eum
647 3130 740 3187 vitiat:
763 3131 805 3186 sic
825 3130 849 3187 si
872 3132 938 3203 quis
962 3130 1198 3207 pulchritudinem

118 3230 221 3306 puellm
236 3230 352 3287 miratus
372 3248 435 3287 earn
458 3230 487 3286 in
507 3229 716 3287 matrimonium
731 3229 834 3292 ducere
849 3230 926 3296 velit,
941 3249 1027 3302 quam
1042 3230 1133 3288 credit
1144 3245 1201 3285 esse

117 3329 273 3384 maximam
286 3338 350 3385 natu
367 3346 382 3384 e
396 3328 507 3384 filiabus
519 3327 678 3405 cujusdam,
692 3329 823 3402 quamvis
832 3330 868 3386 sit
878 3330 971 3387 minor
985 3349 1084 3388 sorore
1096 3349 1104 3397 3
1120 3330 1166 3401 qui
1179 3327 1202 3382 ei

118 3425 335 3500 primogenitam
362 3427 492 3498 poscenti
517 3427 625 3494 annuit,
647 3427 788 3500 aliamque
809 3428 902 3494 tradit,
930 3447 1054 3487 noscens
1081 3448 1145 3486 eurn
1171 3443 1203 3482 ex

118 3542 211 3582 errore
226 3523 302 3582 illam
316 3524 357 3581 sic
371 3521 547 3599 designasse,
562 3544 619 3582 non
632 3535 727 3602 potest
739 3545 804 3584 eum
818 3547 960 3586 consensu
973 3529 1101 3605 praestito
1115 3538 1204 3586 tenere

119 3624 289 3684 devinctam.

161 3728 228 3783 140.
253 3723 392 3784 Conditin
407 3723 519 3782 servilis
533 3743 619 3796 quam
633 3725 705 3783 liber
718 3728 889 3785 contrahens
904 3727 1026 3804 ignorat,
1038 3727 1129 3785 valori
1143 3734 1205 3785 mat·

118 3825 234 3884 rimouii
260 3817 382 3892 obstat;¹
417 3843 470 3882 nec
497 3826 574 3884 enim
600 3824 761 3884 censendus
788 3836 831 3884 est
854 3826 925 3884 liber
950 3827 1104 3904 conjugem
1131 3823 1205 3884 alteri

118 3940 236 3995 prorsus
250 3925 395 3984 subditum
410 3924 464 3982 sibi
478 3943 601 3982 sumere.
643 3924 723 3983 Hinc
742 3926 768 3982 si
781 3926 883 3984 mulier
895 3925 983 3983 libera
996 3925 1125 4001 nupserit
1138 3927 1204 3987 viro,

119 4037 206 4091 quem
220 4026 338 4100 putabat
348 4024 478 4092 liberum,
492 4025 541 4096 qui
552 4033 646 4084 umen
658 4024 805 4102 deinceps,
823 4013 908 4083 unde*
917 4023 1207 4102 aufugeratreductus

117 4128 171 4186 est,
186 4121 248 4197 ipsa
262 4124 378 4182 vinculo
392 4124 471 4182 omni
486 4124 660 4183 matrimonii
673 4125 764 4183 soluta
777 4125 914 4183 habetur:
936 4123 1028 4182 sedai
1042 4143 1126 4182 serva
1138 4140 1205 4197 nup·

189 4329 232 4397 (l)
253 4329 315 4399 Cap.
327 4333 355 4381 Si
367 4334 422 4402 quis
433 4335 562 4396 ingenuus.
573 4335 641 4388 xxix.
653 4342 678 4388 et
688 4352 710 4386 c.
721 4337 746 4386 ii.
757 4343 782 4386 et
792 4338 823 4387 iv.
835 4337 864 4389 de
881 4336 998 4410 conjugio
1008 4352 1141 4388 semorum·
