<?xml version="1.0" encoding="UTF-8"?>
<!DOCTYPE html PUBLIC "-//W3C//DTD XHTML 1.0 Transitional//EN"
    "http://www.w3.org/TR/xhtml1/DTD/xhtml1-transitional.dtd">
<html xmlns="http://www.w3.org/1999/xhtml" xml:lang="en" lang="en">
 <head>
  <title>
</title>
<meta http-equiv="Content-Type" content="text/html;charset=utf-8" />
  <meta name='ocr-system' content='tesseract 3.04.00' />
  <meta name='ocr-capabilities' content='ocr_page ocr_carea ocr_par ocr_line ocrx_word'/>
</head>
<body>
  <div class='ocr_page' id='page_1' title='image "./theologiaemoral01kenrgoog_0088.png"; bbox 0 0 2640 4860; ppageno 0'>
   <div class='ocr_carea' id='block_1_1' title="bbox 351 1004 860 1086">
    <p class='ocr_par' dir='ltr' id='par_1_1' title="bbox 351 1004 860 1086">
     <span class='ocr_line' id='line_1_1' title="bbox 351 1004 860 1086; baseline -0.002 -2"><span class='ocrx_word' id='word_1_1' title='bbox 351 1010 680 1086; x_wconf 85' lang='lat' dir='ltr'><strong>TRACTATUS</strong></span> <span class='ocrx_word' id='word_1_2' title='bbox 709 1004 860 1085; x_wconf 87' lang='lat' dir='ltr'><strong>XVIII.</strong></span> 
     </span>
    </p>
   </div>
   <div class='ocr_carea' id='block_1_2' title="bbox 405 1177 868 1288">
    <p class='ocr_par' dir='ltr' id='par_1_2' title="bbox 405 1177 868 1288">
     <span class='ocr_line' id='line_1_2' title="bbox 405 1177 868 1288; baseline 0 -2"><span class='ocrx_word' id='word_1_3' title='bbox 405 1223 467 1286; x_wconf 80' lang='lat' dir='ltr'>nn</span> <span class='ocrx_word' id='word_1_4' title='bbox 489 1223 814 1288; x_wconf 78' lang='lat' dir='ltr'>uncrmmsrm.</span> <span class='ocrx_word' id='word_1_5' title='bbox 865 1177 868 1186; x_wconf 42' lang='lat'>¹</span> 
     </span>
    </p>
   </div>
   <div class='ocr_carea' id='block_1_3' title="bbox 404 1593 816 1852">
    <p class='ocr_par' dir='ltr' id='par_1_3' title="bbox 404 1593 816 1852">
     <span class='ocr_line' id='line_1_3' title="bbox 467 1593 745 1668; baseline -0.007 -1"><span class='ocrx_word' id='word_1_6' title='bbox 467 1594 553 1668; x_wconf 90' lang='grc' dir='ltr'>ΡΑ</span> <span class='ocrx_word' id='word_1_7' title='bbox 573 1593 609 1667; x_wconf 89' lang='lat' dir='ltr'><strong>R</strong></span> <span class='ocrx_word' id='word_1_8' title='bbox 630 1596 657 1668; x_wconf 82' lang='lat' dir='ltr'>S</span> <span class='ocrx_word' id='word_1_9' title='bbox 709 1596 745 1667; x_wconf 94' lang='lat' dir='ltr'>I.</span> 
     </span>
     <span class='ocr_line' id='line_1_4' title="bbox 404 1787 816 1852; baseline -0.007 0"><span class='ocrx_word' id='word_1_10' title='bbox 404 1788 466 1852; x_wconf 83' lang='lat' dir='ltr'>DE</span> <span class='ocrx_word' id='word_1_11' title='bbox 492 1787 816 1852; x_wconf 86' lang='lat' dir='ltr'><strong>SACRAMENTO.</strong></span> 
     </span>
    </p>
   </div>
   <div class='ocr_carea' id='block_1_4' title="bbox 514 2110 700 2170">
    <p class='ocr_par' dir='ltr' id='par_1_4' title="bbox 514 2110 700 2170">
     <span class='ocr_line' id='line_1_5' title="bbox 514 2110 700 2170; baseline -0.005 -1"><span class='ocrx_word' id='word_1_12' title='bbox 514 2110 657 2170; x_wconf 84' lang='lat' dir='ltr'><strong>CAPUT</strong></span> <span class='ocrx_word' id='word_1_13' title='bbox 676 2113 700 2170; x_wconf 94' lang='grc' dir='ltr'>Ι.</span> 
     </span>
    </p>
   </div>
   <div class='ocr_carea' id='block_1_5' title="bbox 387 2326 822 2369">
    <p class='ocr_par' dir='ltr' id='par_1_5' title="bbox 387 2326 822 2369">
     <span class='ocr_line' id='line_1_6' title="bbox 387 2326 822 2369; baseline 0.002 -3"><span class='ocrx_word' id='word_1_14' title='bbox 387 2327 425 2366; x_wconf 88' lang='lat' dir='ltr'>DE</span> <span class='ocrx_word' id='word_1_15' title='bbox 446 2326 580 2367; x_wconf 72' lang='lat' dir='ltr'><strong>MATERIA</strong></span> <span class='ocrx_word' id='word_1_16' title='bbox 600 2328 822 2369; x_wconf 79' lang='lat' dir='ltr'><strong>EUCHARISTIAE.</strong></span> 
     </span>
    </p>
   </div>
   <div class='ocr_carea' id='block_1_6' title="bbox 61 2487 1161 4158">
    <p class='ocr_par' dir='ltr' id='par_1_6' title="bbox 61 2487 1161 4158">
     <span class='ocr_line' id='line_1_7' title="bbox 108 2487 1152 2567; baseline -0.003 -18"><span class='ocrx_word' id='word_1_17' title='bbox 108 2497 133 2548; x_wconf 90' lang='lat' dir='ltr'>l.</span> <span class='ocrx_word' id='word_1_18' title='bbox 155 2488 339 2549; x_wconf 82' lang='lat' dir='ltr'>Eucharistia</span> <span class='ocrx_word' id='word_1_19' title='bbox 364 2498 408 2546; x_wconf 89' lang='lat' dir='ltr'>est</span> <span class='ocrx_word' id='word_1_20' title='bbox 427 2497 634 2547; x_wconf 87' lang='lat' dir='ltr'>sacramentum</span> <span class='ocrx_word' id='word_1_21' title='bbox 660 2490 788 2566; x_wconf 88' lang='lat' dir='ltr'>corporis</span> <span class='ocrx_word' id='word_1_22' title='bbox 808 2499 836 2546; x_wconf 89' lang='lat' dir='ltr'>et</span> <span class='ocrx_word' id='word_1_23' title='bbox 860 2491 1006 2567; x_wconf 81' lang='lat' dir='ltr'>sanguinis</span> <span class='ocrx_word' id='word_1_24' title='bbox 1032 2487 1152 2557; x_wconf 85' lang='lat' dir='ltr'>Christi,</span> 
     </span>
     <span class='ocr_line' id='line_1_8' title="bbox 62 2588 1153 2667; baseline -0.004 -19"><span class='ocrx_word' id='word_1_25' title='bbox 62 2593 118 2650; x_wconf 90' lang='lat' dir='ltr'>sub</span> <span class='ocrx_word' id='word_1_26' title='bbox 130 2589 282 2667; x_wconf 80' lang='lat' dir='ltr'><strong>speciebus</strong></span> <span class='ocrx_word' id='word_1_27' title='bbox 303 2588 384 2662; x_wconf 89' lang='lat' dir='ltr'>panis</span> <span class='ocrx_word' id='word_1_28' title='bbox 398 2597 427 2645; x_wconf 88' lang='lat' dir='ltr'>et</span> <span class='ocrx_word' id='word_1_29' title='bbox 447 2589 517 2658; x_wconf 84' lang='lat' dir='ltr'>vinI,</span> <span class='ocrx_word' id='word_1_30' title='bbox 541 2588 576 2646; x_wconf 92' lang='lat' dir='ltr'>ad</span> <span class='ocrx_word' id='word_1_31' title='bbox 597 2590 697 2648; x_wconf 85' lang='lat' dir='ltr'>animae</span> <span class='ocrx_word' id='word_1_32' title='bbox 718 2589 901 2647; x_wconf 84' lang='lat' dir='ltr'>refectionem</span> <span class='ocrx_word' id='word_1_33' title='bbox 914 2609 931 2645; x_wconf 94' lang='lat' dir='ltr'>a</span> <span class='ocrx_word' id='word_1_34' title='bbox 943 2588 1061 2646; x_wconf 82' lang='lat' dir='ltr'>Christo</span> <span class='ocrx_word' id='word_1_35' title='bbox 1074 2589 1153 2644; x_wconf 80' lang='lat' dir='ltr'>Insti-</span> 
     </span>
     <span class='ocr_line' id='line_1_9' title="bbox 61 2687 1154 2766; baseline -0.005 -19"><span class='ocrx_word' id='word_1_36' title='bbox 61 2702 164 2749; x_wconf 88' lang='lat' dir='ltr'>tutum.</span> <span class='ocrx_word' id='word_1_37' title='bbox 208 2688 331 2746; x_wconf 83' lang='lat' dir='ltr'><strong>Materia</strong></span> <span class='ocrx_word' id='word_1_38' title='bbox 344 2688 504 2745; x_wconf 87' lang='lat' dir='ltr'>necessaria</span> <span class='ocrx_word' id='word_1_39' title='bbox 516 2687 601 2766; x_wconf 87' lang='lat' dir='ltr'>hujus</span> <span class='ocrx_word' id='word_1_40' title='bbox 615 2689 786 2748; x_wconf 82' lang='lat' dir='ltr'>sacramenti</span> <span class='ocrx_word' id='word_1_41' title='bbox 800 2697 843 2745; x_wconf 90' lang='lat' dir='ltr'>est</span> <span class='ocrx_word' id='word_1_42' title='bbox 856 2688 971 2764; x_wconf 87' lang='lat' dir='ltr'>“panis</span> <span class='ocrx_word' id='word_1_43' title='bbox 986 2687 1111 2744; x_wconf 90' lang='lat' dir='ltr'>triticeus</span> <span class='ocrx_word' id='word_1_44' title='bbox 1125 2696 1154 2742; x_wconf 91' lang='lat' dir='ltr'>et</span> 
     </span>
     <span class='ocr_line' id='line_1_10' title="bbox 62 2785 1157 2861; baseline -0.005 -14"><span class='ocrx_word' id='word_1_45' title='bbox 62 2791 165 2847; x_wconf 80' lang='lat' dir='ltr'>vinnm</span> <span class='ocrx_word' id='word_1_46' title='bbox 180 2788 296 2855; x_wconf 83' lang='lat' dir='ltr'>devite,</span> <span class='ocrx_word' id='word_1_47' title='bbox 311 2788 357 2845; x_wconf 88' lang='lat' dir='ltr'>cui</span> <span class='ocrx_word' id='word_1_48' title='bbox 372 2796 435 2846; x_wconf 85' lang='lat' dir='ltr'>ante</span> <span class='ocrx_word' id='word_1_49' title='bbox 448 2788 692 2848; x_wconf 88' lang='lat' dir='ltr'>consecrationem</span> <span class='ocrx_word' id='word_1_50' title='bbox 712 2807 785 2861; x_wconf 90' lang='lat' dir='ltr'>aqua</span> <span class='ocrx_word' id='word_1_51' title='bbox 796 2786 993 2847; x_wconf 79' lang='lat' dir='ltr'>modicissima</span> <span class='ocrx_word' id='word_1_52' title='bbox 1006 2785 1157 2844; x_wconf 83' lang='lat' dir='ltr'>admisceri</span> 
     </span>
     <span class='ocr_line' id='line_1_11' title="bbox 63 2883 1157 2947; baseline -0.005 -1"><span class='ocrx_word' id='word_1_53' title='bbox 63 2883 197 2946; x_wconf 89' lang='lat' dir='ltr'>debet.”¹</span> <span class='ocrx_word' id='word_1_54' title='bbox 239 2888 348 2945; x_wconf 91' lang='lat' dir='ltr'>Panem</span> <span class='ocrx_word' id='word_1_55' title='bbox 369 2905 386 2943; x_wconf 93' lang='lat' dir='ltr'>a</span> <span class='ocrx_word' id='word_1_56' title='bbox 407 2886 525 2945; x_wconf 85' lang='lat' dir='ltr'>Christo</span> <span class='ocrx_word' id='word_1_57' title='bbox 548 2887 702 2947; x_wconf 89' lang='lat' dir='ltr'>adhibitum</span> <span class='ocrx_word' id='word_1_58' title='bbox 725 2888 755 2944; x_wconf 91' lang='lat' dir='ltr'>in</span> <span class='ocrx_word' id='word_1_59' title='bbox 775 2885 953 2945; x_wconf 86' lang='lat' dir='ltr'>conficienda</span> <span class='ocrx_word' id='word_1_60' title='bbox 975 2885 1157 2944; x_wconf 83' lang='lat' dir='ltr'>Eucharistia</span> 
     </span>
     <span class='ocr_line' id='line_1_12' title="bbox 63 2985 1151 3068; baseline -0.003 -23"><span class='ocrx_word' id='word_1_61' title='bbox 63 2998 174 3046; x_wconf 88' lang='lat' dir='ltr'>constat</span> <span class='ocrx_word' id='word_1_62' title='bbox 200 3004 237 3044; x_wconf 88' lang='lat' dir='ltr'>ex</span> <span class='ocrx_word' id='word_1_63' title='bbox 263 2986 437 3063; x_wconf 82' lang='lat' dir='ltr'>evangeliis:</span> <span class='ocrx_word' id='word_1_64' title='bbox 458 2988 541 3063; x_wconf 87' lang='lat' dir='ltr'>panis</span> <span class='ocrx_word' id='word_1_65' title='bbox 567 2998 660 3047; x_wconf 85' lang='lat' dir='ltr'>autern</span> <span class='ocrx_word' id='word_1_66' title='bbox 681 2986 797 3045; x_wconf 86' lang='lat' dir='ltr'>nomine</span> <span class='ocrx_word' id='word_1_67' title='bbox 823 2986 989 3063; x_wconf 83' lang='lat' dir='ltr'>intelligitur</span> <span class='ocrx_word' id='word_1_68' title='bbox 1014 2985 1151 3068; x_wconf 85' lang='lat' dir='ltr'>triticeus,</span> 
     </span>
     <span class='ocr_line' id='line_1_13' title="bbox 62 3083 1153 3165; baseline -0.002 -20"><span class='ocrx_word' id='word_1_69' title='bbox 62 3090 175 3160; x_wconf 89' lang='lat' dir='ltr'>quoties</span> <span class='ocrx_word' id='word_1_70' title='bbox 200 3087 278 3144; x_wconf 87' lang='lat' dir='ltr'>enim</span> <span class='ocrx_word' id='word_1_71' title='bbox 299 3085 334 3142; x_wconf 93' lang='lat' dir='ltr'>de</span> <span class='ocrx_word' id='word_1_72' title='bbox 358 3086 412 3144; x_wconf 90' lang='lat' dir='ltr'>alia</span> <span class='ocrx_word' id='word_1_73' title='bbox 431 3086 515 3162; x_wconf 86' lang='lat' dir='ltr'>panis</span> <span class='ocrx_word' id='word_1_74' title='bbox 537 3088 634 3164; x_wconf 88' lang='lat' dir='ltr'>speeie</span> <span class='ocrx_word' id='word_1_75' title='bbox 654 3088 756 3165; x_wconf 86' lang='lat' dir='ltr'>agitur,</span> <span class='ocrx_word' id='word_1_76' title='bbox 780 3084 892 3145; x_wconf 88' lang='lat' dir='ltr'>additur</span> <span class='ocrx_word' id='word_1_77' title='bbox 914 3084 1021 3158; x_wconf 87' lang='lat' dir='ltr'>aliquid</span> <span class='ocrx_word' id='word_1_78' title='bbox 1041 3083 1153 3143; x_wconf 90' lang='lat' dir='ltr'>adeam</span> 
     </span>
     <span class='ocr_line' id='line_1_14' title="bbox 62 3184 1152 3263; baseline -0.002 -19"><span class='ocrx_word' id='word_1_79' title='bbox 62 3184 282 3263; x_wconf 86' lang='lat' dir='ltr'>designandam.</span> <span class='ocrx_word' id='word_1_80' title='bbox 313 3184 392 3243; x_wconf 88' lang='lat' dir='ltr'>Hinc</span> <span class='ocrx_word' id='word_1_81' title='bbox 406 3185 474 3243; x_wconf 87' lang='lat' dir='ltr'>dicit</span> <span class='ocrx_word' id='word_1_82' title='bbox 487 3186 608 3244; x_wconf 88' lang='lat' dir='ltr'>Missale</span> <span class='ocrx_word' id='word_1_83' title='bbox 622 3187 784 3246; x_wconf 87' lang='lat' dir='ltr'>Romanum</span> <span class='ocrx_word' id='word_1_84' title='bbox 799 3186 978 3244; x_wconf 84' lang='lat' dir='ltr'>lumbricis:</span> <span class='ocrx_word' id='word_1_85' title='bbox 1001 3185 1056 3242; x_wconf 87' lang='lat' dir='ltr'>“si</span> <span class='ocrx_word' id='word_1_86' title='bbox 1070 3187 1152 3262; x_wconf 87' lang='lat' dir='ltr'>panis</span> 
     </span>
     <span class='ocr_line' id='line_1_15' title="bbox 62 3284 1152 3364; baseline -0.002 -20"><span class='ocrx_word' id='word_1_87' title='bbox 62 3304 121 3344; x_wconf 91' lang='lat' dir='ltr'>non</span> <span class='ocrx_word' id='word_1_88' title='bbox 136 3287 173 3343; x_wconf 92' lang='lat' dir='ltr'>sit</span> <span class='ocrx_word' id='word_1_89' title='bbox 187 3285 324 3352; x_wconf 88' lang='lat' dir='ltr'>triticeus,</span> <span class='ocrx_word' id='word_1_90' title='bbox 346 3285 392 3342; x_wconf 86' lang='lat' dir='ltr'>vel</span> <span class='ocrx_word' id='word_1_91' title='bbox 414 3286 438 3341; x_wconf 88' lang='lat' dir='ltr'>si</span> <span class='ocrx_word' id='word_1_92' title='bbox 452 3284 577 3343; x_wconf 88' lang='lat' dir='ltr'>triticeus</span> <span class='ocrx_word' id='word_1_93' title='bbox 592 3284 735 3345; x_wconf 88' lang='lat' dir='ltr'>admixtus</span> <span class='ocrx_word' id='word_1_94' title='bbox 748 3287 786 3344; x_wconf 90' lang='lat' dir='ltr'>sit</span> <span class='ocrx_word' id='word_1_95' title='bbox 799 3287 896 3364; x_wconf 86' lang='lat' dir='ltr'>granis</span> <span class='ocrx_word' id='word_1_96' title='bbox 911 3286 1026 3344; x_wconf 74' lang='lat' dir='ltr'>alterius</span> <span class='ocrx_word' id='word_1_97' title='bbox 1039 3286 1152 3362; x_wconf 88' lang='lat' dir='ltr'>generis</span> 
     </span>
     <span class='ocr_line' id='line_1_16' title="bbox 63 3384 1153 3463; baseline 0.001 -20"><span class='ocrx_word' id='word_1_98' title='bbox 63 3390 92 3443; x_wconf 87' lang='lat' dir='ltr'>in</span> <span class='ocrx_word' id='word_1_99' title='bbox 107 3394 182 3444; x_wconf 86' lang='lat' dir='ltr'>tanta</span> <span class='ocrx_word' id='word_1_100' title='bbox 196 3384 361 3457; x_wconf 87' lang='lat' dir='ltr'>quantitate,</span> <span class='ocrx_word' id='word_1_101' title='bbox 379 3392 410 3440; x_wconf 86' lang='lat' dir='ltr'>ul</span> <span class='ocrx_word' id='word_1_102' title='bbox 425 3401 483 3442; x_wconf 91' lang='lat' dir='ltr'>non</span> <span class='ocrx_word' id='word_1_103' title='bbox 496 3394 609 3443; x_wconf 85' lang='lat' dir='ltr'>maneat</span> <span class='ocrx_word' id='word_1_104' title='bbox 621 3387 703 3463; x_wconf 86' lang='lat' dir='ltr'>panis</span> <span class='ocrx_word' id='word_1_105' title='bbox 715 3386 850 3455; x_wconf 84' lang='lat' dir='ltr'>triticeus,</span> <span class='ocrx_word' id='word_1_106' title='bbox 860 3387 906 3445; x_wconf 88' lang='lat' dir='ltr'>vel</span> <span class='ocrx_word' id='word_1_107' title='bbox 919 3387 958 3445; x_wconf 80' lang='lat' dir='ltr'>sit</span> <span class='ocrx_word' id='word_1_108' title='bbox 969 3387 1078 3459; x_wconf 91' lang='lat' dir='ltr'>alioqui</span> <span class='ocrx_word' id='word_1_109' title='bbox 1092 3405 1153 3445; x_wconf 87' lang='lat' dir='ltr'>eor-</span> 
     </span>
     <span class='ocr_line' id='line_1_17' title="bbox 63 3479 1155 3564; baseline -0.001 -21"><span class='ocrx_word' id='word_1_110' title='bbox 63 3497 174 3560; x_wconf 87' lang='lat' dir='ltr'>ruptus‚</span> <span class='ocrx_word' id='word_1_111' title='bbox 199 3502 257 3541; x_wconf 91' lang='lat' dir='ltr'>non</span> <span class='ocrx_word' id='word_1_112' title='bbox 277 3483 425 3541; x_wconf 84' lang='lat' dir='ltr'>conficitur</span> <span class='ocrx_word' id='word_1_113' title='bbox 450 3479 708 3543; x_wconf 70' lang='lat' dir='ltr'>sacramentum.”²</span> <span class='ocrx_word' id='word_1_114' title='bbox 747 3485 930 3545; x_wconf 85' lang='lat' dir='ltr'>Eucharistia</span> <span class='ocrx_word' id='word_1_115' title='bbox 949 3487 1035 3564; x_wconf 87' lang='lat' dir='ltr'>igilur</span> <span class='ocrx_word' id='word_1_116' title='bbox 1057 3487 1155 3559; x_wconf 86' lang='lat' dir='ltr'>nequit</span> 
     </span>
     <span class='ocr_line' id='line_1_18' title="bbox 66 3582 1152 3662; baseline -0.002 -20"><span class='ocrx_word' id='word_1_117' title='bbox 66 3585 170 3642; x_wconf 88' lang='lat' dir='ltr'>confici</span> <span class='ocrx_word' id='word_1_118' title='bbox 183 3601 221 3640; x_wconf 85' lang='lat' dir='ltr'>ex</span> <span class='ocrx_word' id='word_1_119' title='bbox 235 3601 323 3658; x_wconf 86' lang='lat' dir='ltr'>grano</span> <span class='ocrx_word' id='word_1_120' title='bbox 336 3582 448 3651; x_wconf 87' lang='lat' dir='ltr'>Indico,</span> <span class='ocrx_word' id='word_1_121' title='bbox 469 3601 506 3640; x_wconf 87' lang='lat' dir='ltr'>ex</span> <span class='ocrx_word' id='word_1_122' title='bbox 527 3603 626 3652; x_wconf 88' lang='lat' dir='ltr'>avena,</span> <span class='ocrx_word' id='word_1_123' title='bbox 639 3583 758 3654; x_wconf 90' lang='lat' dir='ltr'>hordeo,</span> <span class='ocrx_word' id='word_1_124' title='bbox 772 3585 863 3653; x_wconf 91' lang='lat' dir='ltr'>milio,</span> <span class='ocrx_word' id='word_1_125' title='bbox 877 3587 966 3654; x_wconf 88' lang='lat' dir='ltr'>oriza,</span> <span class='ocrx_word' id='word_1_126' title='bbox 981 3584 1152 3662; x_wconf 87' lang='lat' dir='ltr'>amygdalis,</span> 
     </span>
     <span class='ocr_line' id='line_1_19' title="bbox 64 3681 1154 3761; baseline -0.004 -21"><span class='ocrx_word' id='word_1_127' title='bbox 64 3685 146 3759; x_wconf 88' lang='lat' dir='ltr'>pisis,</span> <span class='ocrx_word' id='word_1_128' title='bbox 161 3681 245 3748; x_wconf 85' lang='lat' dir='ltr'>fabis,</span> <span class='ocrx_word' id='word_1_129' title='bbox 268 3681 366 3739; x_wconf 85' lang='lat' dir='ltr'>aliisve</span> <span class='ocrx_word' id='word_1_130' title='bbox 392 3683 529 3740; x_wconf 81' lang='lat' dir='ltr'>fructibus</span> <span class='ocrx_word' id='word_1_131' title='bbox 550 3683 596 3741; x_wconf 86' lang='lat' dir='ltr'>vel</span> <span class='ocrx_word' id='word_1_132' title='bbox 618 3683 819 3761; x_wconf 86' lang='lat' dir='ltr'>leguminibus,</span> <span class='ocrx_word' id='word_1_133' title='bbox 840 3685 886 3742; x_wconf 89' lang='lat' dir='ltr'>vel</span> <span class='ocrx_word' id='word_1_134' title='bbox 906 3684 1154 3760; x_wconf 66' lang='lat' dir='ltr'>expensurum,</span> 
     </span>
     <span class='ocr_line' id='line_1_20' title="bbox 65 3780 1157 3859; baseline -0.001 -21"><span class='ocrx_word' id='word_1_135' title='bbox 65 3780 150 3858; x_wconf 83' lang='lat' dir='ltr'>vulgd</span> <span class='ocrx_word' id='word_1_136' title='bbox 159 3786 309 3858; x_wconf 73' lang='lat' dir='ltr'>potatoen</span> <span class='ocrx_word' id='word_1_137' title='bbox 338 3780 422 3847; x_wconf 83' lang='lat' dir='ltr'>Quod</span> <span class='ocrx_word' id='word_1_138' title='bbox 435 3782 461 3838; x_wconf 87' lang='lat' dir='ltr'>si</span> <span class='ocrx_word' id='word_1_139' title='bbox 474 3801 560 3858; x_wconf 88' lang='lat' dir='ltr'>grana</span> <span class='ocrx_word' id='word_1_140' title='bbox 572 3783 685 3842; x_wconf 88' lang='lat' dir='ltr'>alterins</span> <span class='ocrx_word' id='word_1_141' title='bbox 696 3784 804 3859; x_wconf 86' lang='lat' dir='ltr'>speciei</span> <span class='ocrx_word' id='word_1_142' title='bbox 819 3781 944 3840; x_wconf 88' lang='lat' dir='ltr'>admixta</span> <span class='ocrx_word' id='word_1_143' title='bbox 956 3783 1015 3839; x_wconf 87' lang='lat' dir='ltr'>sint</span> <span class='ocrx_word' id='word_1_144' title='bbox 1027 3781 1056 3838; x_wconf 86' lang='lat' dir='ltr'>in</span> <span class='ocrx_word' id='word_1_145' title='bbox 1069 3797 1157 3854; x_wconf 85' lang='lat' dir='ltr'>parva</span> 
     </span>
     <span class='ocr_line' id='line_1_21' title="bbox 68 3878 1158 3957; baseline -0.002 -19"><span class='ocrx_word' id='word_1_146' title='bbox 68 3881 236 3954; x_wconf 85' lang='lat' dir='ltr'>quantitate,</span> <span class='ocrx_word' id='word_1_147' title='bbox 248 3879 428 3937; x_wconf 82' lang='lat' dir='ltr'>Eucharistia</span> <span class='ocrx_word' id='word_1_148' title='bbox 436 3890 530 3957; x_wconf 88' lang='lat' dir='ltr'>potest</span> <span class='ocrx_word' id='word_1_149' title='bbox 543 3882 655 3951; x_wconf 86' lang='lat' dir='ltr'>confici,</span> <span class='ocrx_word' id='word_1_150' title='bbox 666 3883 799 3955; x_wconf 86' lang='lat' dir='ltr'>quamvis</span> <span class='ocrx_word' id='word_1_151' title='bbox 812 3878 967 3938; x_wconf 89' lang='lat' dir='ltr'>curandum</span> <span class='ocrx_word' id='word_1_152' title='bbox 981 3880 1019 3936; x_wconf 91' lang='lat' dir='ltr'>sit</span> <span class='ocrx_word' id='word_1_153' title='bbox 1030 3879 1158 3945; x_wconf 83' lang='lat' dir='ltr'>omniuo,</span> 
     </span>
     <span class='ocr_line' id='line_1_22' title="bbox 65 3977 1160 4059; baseline 0 -22"><span class='ocrx_word' id='word_1_154' title='bbox 65 3992 96 4059; x_wconf 77' lang='lat' dir='ltr'>ut</span> <span class='ocrx_word' id='word_1_155' title='bbox 118 3998 209 4056; x_wconf 85' lang='lat' dir='ltr'>purus</span> <span class='ocrx_word' id='word_1_156' title='bbox 236 3980 273 4036; x_wconf 86' lang='lat' dir='ltr'>sit</span> <span class='ocrx_word' id='word_1_157' title='bbox 298 3986 327 4036; x_wconf 87' lang='lat' dir='ltr'>el</span> <span class='ocrx_word' id='word_1_158' title='bbox 347 3979 437 4047; x_wconf 90' lang='lat' dir='ltr'>albus,</span> <span class='ocrx_word' id='word_1_159' title='bbox 461 4000 498 4039; x_wconf 85' lang='lat' dir='ltr'>ex</span> <span class='ocrx_word' id='word_1_160' title='bbox 518 3983 581 4041; x_wconf 90' lang='lat' dir='ltr'>solo</span> <span class='ocrx_word' id='word_1_161' title='bbox 602 3981 694 4040; x_wconf 85' lang='lat' dir='ltr'>tritico</span> <span class='ocrx_word' id='word_1_162' title='bbox 714 3981 877 4038; x_wconf 82' lang='lat' dir='ltr'>conlectus:</span> <span class='ocrx_word' id='word_1_163' title='bbox 899 3979 925 4036; x_wconf 90' lang='lat' dir='ltr'>si</span> <span class='ocrx_word' id='word_1_164' title='bbox 945 3977 1160 4037; x_wconf 80' lang='lat' dir='ltr'>immisceamur</span> 
     </span>
     <span class='ocr_line' id='line_1_23' title="bbox 66 4077 1161 4158; baseline 0 -21"><span class='ocrx_word' id='word_1_165' title='bbox 66 4099 154 4156; x_wconf 83' lang='lat' dir='ltr'>grana</span> <span class='ocrx_word' id='word_1_166' title='bbox 167 4077 238 4139; x_wconf 88' lang='lat' dir='ltr'>adeo</span> <span class='ocrx_word' id='word_1_167' title='bbox 253 4087 285 4136; x_wconf 91' lang='lat' dir='ltr'>ut</span> <span class='ocrx_word' id='word_1_168' title='bbox 297 4079 420 4137; x_wconf 83' lang='lat' dir='ltr'>triticum</span> <span class='ocrx_word' id='word_1_169' title='bbox 435 4099 492 4138; x_wconf 91' lang='lat' dir='ltr'>non</span> <span class='ocrx_word' id='word_1_170' title='bbox 506 4080 665 4158; x_wconf 71' lang='lat' dir='ltr'>prevaleat,</span> <span class='ocrx_word' id='word_1_171' title='bbox 680 4098 738 4138; x_wconf 92' lang='lat' dir='ltr'>non</span> <span class='ocrx_word' id='word_1_172' title='bbox 752 4079 804 4136; x_wconf 87' lang='lat' dir='ltr'>erit</span> <span class='ocrx_word' id='word_1_173' title='bbox 816 4077 919 4136; x_wconf 89' lang='lat' dir='ltr'>idonea</span> <span class='ocrx_word' id='word_1_174' title='bbox 932 4080 1059 4136; x_wconf 88' lang='lat' dir='ltr'>materia.</span> <span class='ocrx_word' id='word_1_175' title='bbox 1090 4080 1161 4137; x_wconf 84' lang='lat' dir='ltr'>Pec-</span> 
     </span>
    </p>
   </div>
   <div class='ocr_carea' id='block_1_7' title="bbox 210 4261 1026 4454">
    <p class='ocr_par' dir='ltr' id='par_1_7' title="bbox 210 4261 1026 4454">
     <span class='ocr_line' id='line_1_24' title="bbox 210 4261 1026 4363; baseline 0.001 -18"><span class='ocrx_word' id='word_1_176' title='bbox 210 4298 252 4363; x_wconf 94' lang='lat' dir='ltr'>(l)</span> <span class='ocrx_word' id='word_1_177' title='bbox 272 4296 366 4347; x_wconf 85' lang='lat' dir='ltr'>Decret.</span> <span class='ocrx_word' id='word_1_178' title='bbox 378 4313 422 4362; x_wconf 90' lang='lat' dir='ltr'>pro</span> <span class='ocrx_word' id='word_1_179' title='bbox 434 4300 555 4349; x_wconf 86' lang='lat' dir='ltr'>Armenis.</span> <span class='ocrx_word' id='word_1_180' title='bbox 664 4261 666 4267; x_wconf 31' lang='grc' dir='ltr'>Ι</span> <span class='ocrx_word' id='word_1_181' title='bbox 776 4298 819 4363; x_wconf 83' lang='lat'>(2)</span> <span class='ocrx_word' id='word_1_182' title='bbox 839 4296 878 4349; x_wconf 84' lang='lat' dir='ltr'>De</span> <span class='ocrx_word' id='word_1_183' title='bbox 889 4296 1026 4348; x_wconf 80' lang='lat' dir='ltr'>defectibus.</span> 
     </span>
     <span class='ocr_line' id='line_1_25' title="bbox 597 4401 643 4454; baseline 0 -20"><span class='ocrx_word' id='word_1_184' title='bbox 597 4401 616 4454; x_wconf 81' lang='lat'>7</span> <span class='ocrx_word' id='word_1_185' title='bbox 627 4401 643 4434; x_wconf 68' lang='lat' dir='ltr'>s</span> 
     </span>
    </p>
   </div>
   <div class='ocr_carea' id='block_1_8' title="bbox 0 0 1338 4860">
    <p class='ocr_par' dir='ltr' id='par_1_8' title="bbox 0 0 1338 4860">
     <span class='ocr_line' id='line_1_26' title="bbox 0 0 1338 4860; baseline 0 0"><span class='ocrx_word' id='word_1_186' title='bbox 0 0 1338 4860; x_wconf 95' lang='lat' dir='ltr'> </span> 
     </span>
    </p>
   </div>
  </div>
 </body>
</html>
