<?xml version="1.0" encoding="UTF-8"?>
<!DOCTYPE html PUBLIC "-//W3C//DTD XHTML 1.0 Transitional//EN"
    "http://www.w3.org/TR/xhtml1/DTD/xhtml1-transitional.dtd">
<html xmlns="http://www.w3.org/1999/xhtml" xml:lang="en" lang="en">
 <head>
  <title>
</title>
<meta http-equiv="Content-Type" content="text/html;charset=utf-8" />
  <meta name='ocr-system' content='tesseract 3.04.00' />
  <meta name='ocr-capabilities' content='ocr_page ocr_carea ocr_par ocr_line ocrx_word'/>
</head>
<body>
  <div class='ocr_page' id='page_1' title='image "./theologiaemoral01kenrgoog_0095.png"; bbox 0 0 2640 4860; ppageno 0'>
   <div class='ocr_carea' id='block_1_1' title="bbox 175 300 1160 451">
    <p class='ocr_par' dir='ltr' id='par_1_1' title="bbox 175 300 1160 451">
     <span class='ocr_line' id='line_1_1' title="bbox 175 300 1160 451; baseline -0.002 -36"><span class='ocrx_word' id='word_1_1' title='bbox 175 360 214 415; x_wconf 77' lang='lat'>72</span> <span class='ocrx_word' id='word_1_2' title='bbox 323 352 382 415; x_wconf 80' lang='lat' dir='ltr'>DE</span> <span class='ocrx_word' id='word_1_3' title='bbox 402 349 770 412; x_wconf 82' lang='lat' dir='ltr'>CONSECRATIONE</span> <span class='ocrx_word' id='word_1_4' title='bbox 792 300 1113 451; x_wconf 58' lang='lat' dir='ltr'>nucnnntsrtk.</span> <span class='ocrx_word' id='word_1_5' title='bbox 1127 362 1160 413; x_wconf 68' lang='lat' dir='ltr'>et</span> 
     </span>
    </p>
   </div>
   <div class='ocr_carea' id='block_1_2' title="bbox 93 519 1270 1990">
    <p class='ocr_par' dir='ltr' id='par_1_2' title="bbox 93 519 1270 1990">
     <span class='ocr_line' id='line_1_2' title="bbox 175 519 1266 601; baseline -0.001 -22"><span class='ocrx_word' id='word_1_6' title='bbox 175 519 285 580; x_wconf 85' lang='lat' dir='ltr'>Censet</span> <span class='ocrx_word' id='word_1_7' title='bbox 297 520 381 598; x_wconf 79' lang='lat' dir='ltr'>Lago</span> <span class='ocrx_word' id='word_1_8' title='bbox 394 520 572 579; x_wconf 78' lang='lat' dir='ltr'><strong>sacerdotem</strong></span> <span class='ocrx_word' id='word_1_9' title='bbox 586 519 677 578; x_wconf 81' lang='lat' dir='ltr'>lustra</span> <span class='ocrx_word' id='word_1_10' title='bbox 689 519 762 578; x_wconf 90' lang='lat' dir='ltr'>velle</span> <span class='ocrx_word' id='word_1_11' title='bbox 775 519 917 579; x_wconf 86' lang='lat' dir='ltr'>conficere</span> <span class='ocrx_word' id='word_1_12' title='bbox 928 530 1155 601; x_wconf 64' lang='lat' dir='ltr'>secqamentum,</span> <span class='ocrx_word' id='word_1_13' title='bbox 1169 519 1266 578; x_wconf 89' lang='lat' dir='ltr'>altem·</span> 
     </span>
     <span class='ocr_line' id='line_1_3' title="bbox 175 618 1269 697; baseline -0.002 -19"><span class='ocrx_word' id='word_1_14' title='bbox 175 630 216 678; x_wconf 85' lang='lat' dir='ltr'>tra</span> <span class='ocrx_word' id='word_1_15' title='bbox 228 620 356 687; x_wconf 86' lang='lat' dir='ltr'>materie,</span> <span class='ocrx_word' id='word_1_16' title='bbox 370 619 477 694; x_wconf 79' lang='lat' dir='ltr'>absque</span> <span class='ocrx_word' id='word_1_17' title='bbox 498 619 594 687; x_wconf 89' lang='lat' dir='ltr'>altera,</span> <span class='ocrx_word' id='word_1_18' title='bbox 619 618 820 687; x_wconf 89' lang='lat' dir='ltr'>consecranda,</span> <span class='ocrx_word' id='word_1_19' title='bbox 844 621 911 693; x_wconf 93' lang='lat' dir='ltr'>quia</span> <span class='ocrx_word' id='word_1_20' title='bbox 929 618 1064 677; x_wconf 76' lang='lat' dir='ltr'>sacerdos</span> <span class='ocrx_word' id='word_1_21' title='bbox 1087 638 1148 678; x_wconf 89' lang='lat' dir='ltr'>non</span> <span class='ocrx_word' id='word_1_22' title='bbox 1168 620 1269 697; x_wconf 88' lang='lat' dir='ltr'>accipit</span> 
     </span>
     <span class='ocr_line' id='line_1_4' title="bbox 174 717 1268 796; baseline -0.001 -19"><span class='ocrx_word' id='word_1_23' title='bbox 174 728 343 796; x_wconf 87' lang='lat' dir='ltr'>potestatem</span> <span class='ocrx_word' id='word_1_24' title='bbox 363 717 534 779; x_wconf 77' lang='lat' dir='ltr'>wnliciendi</span> <span class='ocrx_word' id='word_1_25' title='bbox 552 718 609 776; x_wconf 92' lang='lat' dir='ltr'>hoc</span> <span class='ocrx_word' id='word_1_26' title='bbox 621 727 830 777; x_wconf 85' lang='lat' dir='ltr'>sacramentum</span> <span class='ocrx_word' id='word_1_27' title='bbox 845 719 900 778; x_wconf 92' lang='lat' dir='ltr'>nisi</span> <span class='ocrx_word' id='word_1_28' title='bbox 922 718 1128 777; x_wconf 82' lang='lat' dir='ltr'>sacrificando:</span> <span class='ocrx_word' id='word_1_29' title='bbox 1144 718 1197 777; x_wconf 90' lang='lat' dir='ltr'>sed</span> <span class='ocrx_word' id='word_1_30' title='bbox 1210 718 1268 777; x_wconf 83' lang='lat' dir='ltr'>haec</span> 
     </span>
     <span class='ocr_line' id='line_1_5' title="bbox 175 814 1269 889; baseline 0 -13"><span class='ocrx_word' id='word_1_31' title='bbox 175 819 245 876; x_wconf 84' lang='lat' dir='ltr'>ratio</span> <span class='ocrx_word' id='word_1_32' title='bbox 258 814 522 879; x_wconf 71' lang='lat' dir='ltr'>subtilioruidetur.</span> <span class='ocrx_word' id='word_1_33' title='bbox 564 816 677 876; x_wconf 91' lang='lat' dir='ltr'>Omnes</span> <span class='ocrx_word' id='word_1_34' title='bbox 690 817 864 876; x_wconf 87' lang='lat' dir='ltr'>conveniunt</span> <span class='ocrx_word' id='word_1_35' title='bbox 875 836 941 876; x_wconf 91' lang='lat' dir='ltr'>eum</span> <span class='ocrx_word' id='word_1_36' title='bbox 953 817 1002 889; x_wconf 89' lang='lat' dir='ltr'>qui</span> <span class='ocrx_word' id='word_1_37' title='bbox 1015 818 1191 877; x_wconf 84' lang='lat' dir='ltr'>sacrificium</span> <span class='ocrx_word' id='word_1_38' title='bbox 1206 837 1269 876; x_wconf 90' lang='lat' dir='ltr'>oou·</span> 
     </span>
     <span class='ocr_line' id='line_1_6' title="bbox 93 915 1269 994; baseline 0 -19"><span class='ocrx_word' id='word_1_39' title='bbox 93 930 99 941; x_wconf 92' lang='lat'><strong>·</strong></span> <span class='ocrx_word' id='word_1_40' title='bbox 173 917 259 976; x_wconf 87' lang='lat' dir='ltr'>ficere</span> <span class='ocrx_word' id='word_1_41' title='bbox 272 916 407 994; x_wconf 87' lang='lat' dir='ltr'>proponit</span> <span class='ocrx_word' id='word_1_42' title='bbox 417 927 537 990; x_wconf 73' lang='lat' dir='ltr'>unaque</span> <span class='ocrx_word' id='word_1_43' title='bbox 557 918 675 977; x_wconf 79' lang='lat' dir='ltr'>materia</span> <span class='ocrx_word' id='word_1_44' title='bbox 685 915 888 985; x_wconf 72' lang='lat' dir='ltr'>eonsemanda,</span> <span class='ocrx_word' id='word_1_45' title='bbox 902 934 1008 993; x_wconf 88' lang='lat' dir='ltr'>corpus</span> <span class='ocrx_word' id='word_1_46' title='bbox 1028 917 1150 977; x_wconf 87' lang='lat' dir='ltr'>Domini</span> <span class='ocrx_word' id='word_1_47' title='bbox 1168 918 1269 977; x_wconf 75' lang='lat' dir='ltr'><strong>sistere</strong></span> 
     </span>
     <span class='ocr_line' id='line_1_7' title="bbox 175 1012 1270 1173; baseline 0.002 -99"><span class='ocrx_word' id='word_1_48' title='bbox 175 1034 311 1095; x_wconf 75' lang='lat' dir='ltr'>praesens,</span> <span class='ocrx_word' id='word_1_49' title='bbox 327 1017 419 1074; x_wconf 87' lang='lat' dir='ltr'>verbis</span> <span class='ocrx_word' id='word_1_50' title='bbox 434 1017 463 1075; x_wconf 93' lang='lat' dir='ltr'>in</span> <span class='ocrx_word' id='word_1_51' title='bbox 476 1034 580 1093; x_wconf 89' lang='lat' dir='ltr'>panem</span> <span class='ocrx_word' id='word_1_52' title='bbox 595 1012 888 1173; x_wconf 45' lang='lat' dir='ltr'>prot-{mquam</span> <span class='ocrx_word' id='word_1_53' title='bbox 902 1016 1020 1076; x_wconf 84' lang='lat' dir='ltr'>alteram</span> <span class='ocrx_word' id='word_1_54' title='bbox 1040 1017 1190 1076; x_wconf 80' lang='lat' dir='ltr'><strong>materiam</strong></span> <span class='ocrx_word' id='word_1_55' title='bbox 1202 1012 1270 1083; x_wconf 57' lang='lat'>&amp;²</span> 
     </span>
     <span class='ocr_line' id='line_1_8' title="bbox 175 1096 1269 1185; baseline -0.002 -11"><span class='ocrx_word' id='word_1_56' title='bbox 175 1126 285 1185; x_wconf 82' lang='lat' dir='ltr'>secret3</span> <span class='ocrx_word' id='word_1_57' title='bbox 308 1117 441 1185; x_wconf 74' lang='lat' dir='ltr'>nemeti</span> <span class='ocrx_word' id='word_1_58' title='bbox 462 1114 666 1177; x_wconf 87' lang='lat' dir='ltr'>animadvertit·</span> <span class='ocrx_word' id='word_1_59' title='bbox 706 1156 716 1174; x_wconf 82' lang='lat'><strong>·</strong></span> <span class='ocrx_word' id='word_1_60' title='bbox 739 1110 893 1175; x_wconf 78' lang='lat' dir='ltr'>&#39;l&#39;lromasr</span> <span class='ocrx_word' id='word_1_61' title='bbox 916 1117 1042 1174; x_wconf 84' lang='lat' dir='ltr'>“statim</span> <span class='ocrx_word' id='word_1_62' title='bbox 1069 1115 1154 1175; x_wconf 87' lang='lat' dir='ltr'>dictis</span> <span class='ocrx_word' id='word_1_63' title='bbox 1175 1096 1269 1175; x_wconf 64' lang='lat' dir='ltr'>vedois</span> 
     </span>
     <span class='ocr_line' id='line_1_9' title="bbox 175 1213 1269 1294; baseline 0.002 -22"><span class='ocrx_word' id='word_1_64' title='bbox 175 1217 399 1275; x_wconf 87' lang='lat' dir='ltr'>consecrationis</span> <span class='ocrx_word' id='word_1_65' title='bbox 413 1216 505 1291; x_wconf 89' lang='lat' dir='ltr'>panis,</span> <span class='ocrx_word' id='word_1_66' title='bbox 520 1213 613 1272; x_wconf 90' lang='lat' dir='ltr'>hostia</span> <span class='ocrx_word' id='word_1_67' title='bbox 626 1223 791 1275; x_wconf 68' lang='lat' dir='ltr'>consecuta</span> <span class='ocrx_word' id='word_1_68' title='bbox 802 1216 971 1293; x_wconf 80' lang='lat' dir='ltr'>proponitur</span> <span class='ocrx_word' id='word_1_69' title='bbox 985 1214 1093 1294; x_wconf 92' lang='lat' dir='ltr'>populo</span> <span class='ocrx_word' id='word_1_70' title='bbox 1105 1215 1269 1283; x_wconf 83' lang='lat' dir='ltr'>adoranda3</span> 
     </span>
     <span class='ocr_line' id='line_1_10' title="bbox 175 1309 1269 1391; baseline 0.001 -19"><span class='ocrx_word' id='word_1_71' title='bbox 175 1315 253 1390; x_wconf 91' lang='lat' dir='ltr'>quod</span> <span class='ocrx_word' id='word_1_72' title='bbox 266 1335 323 1374; x_wconf 91' lang='lat' dir='ltr'>non</span> <span class='ocrx_word' id='word_1_73' title='bbox 337 1316 425 1381; x_wconf 88' lang='lat' dir='ltr'>fieret,</span> <span class='ocrx_word' id='word_1_74' title='bbox 440 1314 465 1371; x_wconf 91' lang='lat' dir='ltr'>si</span> <span class='ocrx_word' id='word_1_75' title='bbox 480 1332 537 1371; x_wconf 92' lang='lat' dir='ltr'>non</span> <span class='ocrx_word' id='word_1_76' title='bbox 552 1323 628 1372; x_wconf 90' lang='lat' dir='ltr'>esset</span> <span class='ocrx_word' id='word_1_77' title='bbox 648 1315 688 1373; x_wconf 92' lang='lat' dir='ltr'>ibi</span> <span class='ocrx_word' id='word_1_78' title='bbox 707 1332 814 1391; x_wconf 86' lang='lat' dir='ltr'>corpus</span> <span class='ocrx_word' id='word_1_79' title='bbox 835 1309 995 1373; x_wconf 86' lang='lat' dir='ltr'>Christi.”¹</span> <span class='ocrx_word' id='word_1_80' title='bbox 1028 1315 1149 1374; x_wconf 88' lang='lat' dir='ltr'>Peracta</span> <span class='ocrx_word' id='word_1_81' title='bbox 1168 1315 1269 1374; x_wconf 79' lang='lat' dir='ltr'>hostie</span> 
     </span>
     <span class='ocr_line' id='line_1_11' title="bbox 175 1411 1268 1492; baseline 0 -19"><span class='ocrx_word' id='word_1_82' title='bbox 175 1415 400 1481; x_wconf 88' lang='lat' dir='ltr'>consecratione,</span> <span class='ocrx_word' id='word_1_83' title='bbox 415 1413 439 1469; x_wconf 90' lang='lat' dir='ltr'>si</span> <span class='ocrx_word' id='word_1_84' title='bbox 454 1413 601 1471; x_wconf 89' lang='lat' dir='ltr'>immineat</span> <span class='ocrx_word' id='word_1_85' title='bbox 613 1432 691 1472; x_wconf 90' lang='lat' dir='ltr'>mors</span> <span class='ocrx_word' id='word_1_86' title='bbox 705 1414 739 1472; x_wconf 91' lang='lat' dir='ltr'>ab</span> <span class='ocrx_word' id='word_1_87' title='bbox 753 1411 896 1481; x_wconf 88' lang='lat' dir='ltr'>incendio,</span> <span class='ocrx_word' id='word_1_88' title='bbox 908 1415 954 1472; x_wconf 93' lang='lat' dir='ltr'>vel</span> <span class='ocrx_word' id='word_1_89' title='bbox 968 1415 1002 1471; x_wconf 89' lang='lat' dir='ltr'>ab</span> <span class='ocrx_word' id='word_1_90' title='bbox 1012 1413 1268 1492; x_wconf 83' lang='lat' dir='ltr'>hostiumimpetu,</span> 
     </span>
     <span class='ocr_line' id='line_1_12' title="bbox 176 1494 1270 1591; baseline 0 -19"><span class='ocrx_word' id='word_1_91' title='bbox 176 1533 233 1573; x_wconf 89' lang='lat' dir='ltr'>non</span> <span class='ocrx_word' id='word_1_92' title='bbox 249 1515 377 1591; x_wconf 89' lang='lat' dir='ltr'>culpatur</span> <span class='ocrx_word' id='word_1_93' title='bbox 389 1511 522 1569; x_wconf 87' lang='lat' dir='ltr'>sacerdos</span> <span class='ocrx_word' id='word_1_94' title='bbox 537 1512 699 1590; x_wconf 83' lang='lat' dir='ltr'>aufugiens,</span> <span class='ocrx_word' id='word_1_95' title='bbox 713 1511 871 1572; x_wconf 90' lang='lat' dir='ltr'>dummodo</span> <span class='ocrx_word' id='word_1_96' title='bbox 885 1514 959 1573; x_wconf 84' lang='lat' dir='ltr'>absit</span> <span class='ocrx_word' id='word_1_97' title='bbox 971 1494 1153 1583; x_wconf 61' lang='lat' dir='ltr'>scandelttllrr</span> <span class='ocrx_word' id='word_1_98' title='bbox 1162 1523 1194 1573; x_wconf 79' lang='lat' dir='ltr'>et</span> <span class='ocrx_word' id='word_1_99' title='bbox 1203 1514 1270 1572; x_wconf 87' lang='lat' dir='ltr'>fidei</span> 
     </span>
     <span class='ocr_line' id='line_1_13' title="bbox 176 1592 1267 1690; baseline 0.002 -20"><span class='ocrx_word' id='word_1_100' title='bbox 176 1625 366 1690; x_wconf 86' lang='lat' dir='ltr'>contemptus.</span> <span class='ocrx_word' id='word_1_101' title='bbox 409 1611 442 1668; x_wconf 86' lang='lat' dir='ltr'>Si</span> <span class='ocrx_word' id='word_1_102' title='bbox 466 1630 579 1684; x_wconf 89' lang='lat' dir='ltr'>aquam,</span> <span class='ocrx_word' id='word_1_103' title='bbox 595 1613 641 1671; x_wconf 88' lang='lat' dir='ltr'>rel</span> <span class='ocrx_word' id='word_1_104' title='bbox 655 1612 740 1671; x_wconf 89' lang='lat' dir='ltr'>alium</span> <span class='ocrx_word' id='word_1_105' title='bbox 760 1612 913 1686; x_wconf 85' lang='lat' dir='ltr'>liquorem,</span> <span class='ocrx_word' id='word_1_106' title='bbox 929 1615 960 1675; x_wconf 84' lang='lat' dir='ltr'>in</span> <span class='ocrx_word' id='word_1_107' title='bbox 972 1613 1093 1673; x_wconf 79' lang='lat' dir='ltr'>oalioesr</span> <span class='ocrx_word' id='word_1_108' title='bbox 1101 1592 1267 1679; x_wconf 61' lang='lat' dir='ltr'>¹fitttuissum</span> 
     </span>
     <span class='ocr_line' id='line_1_14' title="bbox 175 1704 1269 1791; baseline 0.001 -22"><span class='ocrx_word' id='word_1_109' title='bbox 175 1712 300 1771; x_wconf 87' lang='lat' dir='ltr'>advertat</span> <span class='ocrx_word' id='word_1_110' title='bbox 314 1721 379 1789; x_wconf 87' lang='lat' dir='ltr'>post</span> <span class='ocrx_word' id='word_1_111' title='bbox 387 1710 487 1768; x_wconf 79' lang='lat' dir='ltr'>hostia</span> <span class='ocrx_word' id='word_1_112' title='bbox 498 1713 752 1781; x_wconf 86' lang='lat' dir='ltr'>consecrationem,</span> <span class='ocrx_word' id='word_1_113' title='bbox 763 1721 793 1770; x_wconf 91' lang='lat' dir='ltr'>et</span> <span class='ocrx_word' id='word_1_114' title='bbox 801 1704 1269 1791; x_wconf 62' lang='lat' dir='ltr'>rinnnlnhoreneqttett&#39;absque</span> 
     </span>
     <span class='ocr_line' id='line_1_15' title="bbox 175 1784 1268 1891; baseline -0.001 -22"><span class='ocrx_word' id='word_1_115' title='bbox 175 1812 345 1888; x_wconf 81' lang='lat' dir='ltr'>gravissimo</span> <span class='ocrx_word' id='word_1_116' title='bbox 369 1811 563 1878; x_wconf 86' lang='lat' dir='ltr'>incommodo,</span> <span class='ocrx_word' id='word_1_117' title='bbox 578 1813 624 1870; x_wconf 88' lang='lat' dir='ltr'>rel</span> <span class='ocrx_word' id='word_1_118' title='bbox 637 1812 781 1879; x_wconf 86' lang='lat' dir='ltr'>scandalo,</span> <span class='ocrx_word' id='word_1_119' title='bbox 797 1811 843 1870; x_wconf 87' lang='lat' dir='ltr'>vel</span> <span class='ocrx_word' id='word_1_120' title='bbox 856 1810 922 1875; x_wconf 70' lang='lat' dir='ltr'>vitm</span> <span class='ocrx_word' id='word_1_121' title='bbox 938 1784 1079 1891; x_wconf 57' lang='lat' dir='ltr'>fulculo,</span> <span class='ocrx_word' id='word_1_122' title='bbox 1094 1822 1268 1871; x_wconf 87' lang='lat' dir='ltr'>excusatur:</span> 
     </span>
     <span class='ocr_line' id='line_1_16' title="bbox 176 1896 1267 1990; baseline -0.002 -20"><span class='ocrx_word' id='word_1_123' title='bbox 176 1912 253 1984; x_wconf 92' lang='lat' dir='ltr'>quod</span> <span class='ocrx_word' id='word_1_124' title='bbox 273 1913 350 1970; x_wconf 86' lang='lat' dir='ltr'>enim</span> <span class='ocrx_word' id='word_1_125' title='bbox 375 1912 546 1971; x_wconf 86' lang='lat' dir='ltr'>sacrificium</span> <span class='ocrx_word' id='word_1_126' title='bbox 568 1911 644 1970; x_wconf 90' lang='lat' dir='ltr'>haud</span> <span class='ocrx_word' id='word_1_127' title='bbox 667 1912 839 1988; x_wconf 87' lang='lat' dir='ltr'>perficiatur,</span> <span class='ocrx_word' id='word_1_128' title='bbox 853 1930 912 1970; x_wconf 88' lang='lat' dir='ltr'>non</span> <span class='ocrx_word' id='word_1_129' title='bbox 931 1896 984 1971; x_wconf 69' lang='lat' dir='ltr'>aaa</span> <span class='ocrx_word' id='word_1_130' title='bbox 1004 1902 1089 1989; x_wconf 87' lang='lat' dir='ltr'>culpa</span> <span class='ocrx_word' id='word_1_131' title='bbox 1110 1912 1267 1990; x_wconf 85' lang='lat' dir='ltr'>contingit:</span> 
     </span>
    </p>
   </div>
   <div class='ocr_carea' id='block_1_3' title="bbox 83 2008 1269 2090">
    <p class='ocr_par' dir='ltr' id='par_1_3' title="bbox 83 2008 1269 2090">
     <span class='ocr_line' id='line_1_17' title="bbox 83 2008 1269 2090; baseline -0.001 -19"><span class='ocrx_word' id='word_1_132' title='bbox 83 2082 88 2090; x_wconf 92' lang='lat'>.</span> <span class='ocrx_word' id='word_1_133' title='bbox 175 2013 280 2088; x_wconf 90' lang='lat' dir='ltr'>poterit</span> <span class='ocrx_word' id='word_1_134' title='bbox 293 2014 379 2089; x_wconf 85' lang='lat' dir='ltr'>igitur</span> <span class='ocrx_word' id='word_1_135' title='bbox 392 2029 492 2086; x_wconf 84' lang='lat' dir='ltr'><strong>preces</strong></span> <span class='ocrx_word' id='word_1_136' title='bbox 512 2008 638 2082; x_wconf 84' lang='lat' dir='ltr'>reliques</span> <span class='ocrx_word' id='word_1_137' title='bbox 652 2013 780 2079; x_wconf 89' lang='lat' dir='ltr'>recitare,</span> <span class='ocrx_word' id='word_1_138' title='bbox 794 2011 910 2070; x_wconf 90' lang='lat' dir='ltr'>omissis</span> <span class='ocrx_word' id='word_1_139' title='bbox 924 2030 987 2086; x_wconf 84' lang='lat' dir='ltr'>quae</span> <span class='ocrx_word' id='word_1_140' title='bbox 1006 2010 1042 2068; x_wconf 92' lang='lat' dir='ltr'>ad</span> <span class='ocrx_word' id='word_1_141' title='bbox 1062 2011 1183 2070; x_wconf 89' lang='lat' dir='ltr'>alteram</span> <span class='ocrx_word' id='word_1_142' title='bbox 1206 2030 1269 2088; x_wconf 86' lang='lat' dir='ltr'>spe·</span> 
     </span>
    </p>
   </div>
   <div class='ocr_carea' id='block_1_4' title="bbox 169 2108 1312 4158">
    <p class='ocr_par' dir='ltr' id='par_1_4' title="bbox 169 2108 1312 4158">
     <span class='ocr_line' id='line_1_18' title="bbox 175 2108 1269 2187; baseline 0.001 -20"><span class='ocrx_word' id='word_1_143' title='bbox 175 2112 248 2170; x_wconf 91' lang='lat' dir='ltr'>ciem</span> <span class='ocrx_word' id='word_1_144' title='bbox 263 2112 412 2187; x_wconf 81' lang='lat' dir='ltr'>pertinent,</span> <span class='ocrx_word' id='word_1_145' title='bbox 428 2118 457 2166; x_wconf 88' lang='lat' dir='ltr'>et</span> <span class='ocrx_word' id='word_1_146' title='bbox 478 2108 601 2167; x_wconf 79' lang='lat' dir='ltr'>hostiam</span> <span class='ocrx_word' id='word_1_147' title='bbox 616 2127 739 2179; x_wconf 88' lang='lat' dir='ltr'>sumere,</span> <span class='ocrx_word' id='word_1_148' title='bbox 754 2109 879 2185; x_wconf 88' lang='lat' dir='ltr'>aliasque</span> <span class='ocrx_word' id='word_1_149' title='bbox 900 2119 1079 2185; x_wconf 84' lang='lat' dir='ltr'>consecratas</span> <span class='ocrx_word' id='word_1_150' title='bbox 1099 2109 1269 2169; x_wconf 82' lang='lat' dir='ltr'>distribuere</span> 
     </span>
     <span class='ocr_line' id='line_1_19' title="bbox 174 2207 1268 2295; baseline 0.004 -28"><span class='ocrx_word' id='word_1_151' title='bbox 174 2227 227 2285; x_wconf 86' lang='lat' dir='ltr'>pro</span> <span class='ocrx_word' id='word_1_152' title='bbox 241 2227 336 2267; x_wconf 88' lang='lat' dir='ltr'>more:</span> <span class='ocrx_word' id='word_1_153' title='bbox 358 2226 421 2266; x_wconf 89' lang='lat' dir='ltr'>raro</span> <span class='ocrx_word' id='word_1_154' title='bbox 435 2208 511 2266; x_wconf 89' lang='lat' dir='ltr'>enim</span> <span class='ocrx_word' id='word_1_155' title='bbox 533 2207 649 2284; x_wconf 85' lang='lat' dir='ltr'>expedit</span> <span class='ocrx_word' id='word_1_156' title='bbox 661 2208 801 2286; x_wconf 88' lang='lat' dir='ltr'>populum</span> <span class='ocrx_word' id='word_1_157' title='bbox 816 2210 851 2268; x_wconf 91' lang='lat' dir='ltr'>de</span> <span class='ocrx_word' id='word_1_158' title='bbox 874 2228 905 2268; x_wconf 91' lang='lat' dir='ltr'>re</span> <span class='ocrx_word' id='word_1_159' title='bbox 918 2210 1084 2288; x_wconf 90' lang='lat' dir='ltr'>hujusmodi</span> <span class='ocrx_word' id='word_1_160' title='bbox 1098 2209 1196 2295; x_wconf 74' lang='lat' dir='ltr'>facere</span> <span class='ocrx_word' id='word_1_161' title='bbox 1203 2228 1268 2271; x_wconf 80' lang='lat' dir='ltr'>cer·</span> 
     </span>
     <span class='ocr_line' id='line_1_20' title="bbox 174 2302 1270 2401; baseline 0.005 -37"><span class='ocrx_word' id='word_1_162' title='bbox 174 2308 284 2365; x_wconf 85' lang='lat' dir='ltr'>tiorem.</span> <span class='ocrx_word' id='word_1_163' title='bbox 327 2306 388 2363; x_wconf 87' lang='lat' dir='ltr'>“Si</span> <span class='ocrx_word' id='word_1_164' title='bbox 408 2316 475 2382; x_wconf 89' lang='lat' dir='ltr'>post</span> <span class='ocrx_word' id='word_1_165' title='bbox 493 2308 736 2368; x_wconf 88' lang='lat' dir='ltr'>consecrationem</span> <span class='ocrx_word' id='word_1_166' title='bbox 753 2309 894 2387; x_wconf 91' lang='lat' dir='ltr'>corporis,</span> <span class='ocrx_word' id='word_1_167' title='bbox 909 2318 957 2368; x_wconf 89' lang='lat' dir='ltr'>aut</span> <span class='ocrx_word' id='word_1_168' title='bbox 976 2310 1062 2368; x_wconf 88' lang='lat' dir='ltr'>etiam</span> <span class='ocrx_word' id='word_1_169' title='bbox 1080 2302 1270 2401; x_wconf 57' lang='lat' dir='ltr'>rittl&#39;jtbgn«</span> 
     </span>
     <span class='ocr_line' id='line_1_21' title="bbox 173 2404 1286 2487; baseline 0.006 -25"><span class='ocrx_word' id='word_1_170' title='bbox 173 2404 308 2464; x_wconf 90' lang='lat' dir='ltr'>henditur</span> <span class='ocrx_word' id='word_1_171' title='bbox 334 2404 461 2464; x_wconf 88' lang='lat' dir='ltr'>defectus</span> <span class='ocrx_word' id='word_1_172' title='bbox 489 2406 603 2464; x_wconf 89' lang='lat' dir='ltr'>alterius</span> <span class='ocrx_word' id='word_1_173' title='bbox 624 2408 745 2486; x_wconf 89' lang='lat' dir='ltr'>speciei,</span> <span class='ocrx_word' id='word_1_174' title='bbox 767 2408 854 2469; x_wconf 86' lang='lat' dir='ltr'>altera</span> <span class='ocrx_word' id='word_1_175' title='bbox 879 2411 941 2487; x_wconf 90' lang='lat' dir='ltr'>jam</span> <span class='ocrx_word' id='word_1_176' title='bbox 960 2410 1286 2481; x_wconf 50' lang='lat' dir='ltr'>consecraremus.</span> 
     </span>
     <span class='ocr_line' id='line_1_22' title="bbox 173 2498 1312 2586; baseline 0.004 -22"><span class='ocrx_word' id='word_1_177' title='bbox 173 2505 254 2564; x_wconf 89' lang='lat' dir='ltr'>nullo</span> <span class='ocrx_word' id='word_1_178' title='bbox 275 2503 361 2563; x_wconf 92' lang='lat' dir='ltr'>modo</span> <span class='ocrx_word' id='word_1_179' title='bbox 381 2504 478 2565; x_wconf 90' lang='lat' dir='ltr'>haberi</span> <span class='ocrx_word' id='word_1_180' title='bbox 499 2507 602 2585; x_wconf 88' lang='lat' dir='ltr'>possit,</span> <span class='ocrx_word' id='word_1_181' title='bbox 618 2507 829 2586; x_wconf 89' lang='lat' dir='ltr'>procedendum</span> <span class='ocrx_word' id='word_1_182' title='bbox 849 2511 903 2567; x_wconf 90' lang='lat' dir='ltr'>erit</span> <span class='ocrx_word' id='word_1_183' title='bbox 923 2518 951 2567; x_wconf 88' lang='lat' dir='ltr'>et</span> <span class='ocrx_word' id='word_1_184' title='bbox 970 2509 1067 2568; x_wconf 91' lang='lat' dir='ltr'>Missa</span> <span class='ocrx_word' id='word_1_185' title='bbox 1085 2507 1267 2577; x_wconf 76' lang='lat' dir='ltr'>absolvenda,</span> <span class='ocrx_word' id='word_1_186' title='bbox 1297 2498 1312 2555; x_wconf 61' lang='grc' dir='ltr'>’ἱ</span> 
     </span>
     <span class='ocr_line' id='line_1_23' title="bbox 172 2607 1269 2686; baseline 0.001 -22"><span class='ocrx_word' id='word_1_187' title='bbox 172 2607 213 2665; x_wconf 92' lang='lat' dir='ltr'>ita</span> <span class='ocrx_word' id='word_1_188' title='bbox 231 2616 325 2665; x_wconf 89' lang='lat' dir='ltr'>tamen</span> <span class='ocrx_word' id='word_1_189' title='bbox 343 2614 373 2663; x_wconf 91' lang='lat' dir='ltr'>ut</span> <span class='ocrx_word' id='word_1_190' title='bbox 393 2608 642 2683; x_wconf 74' lang='lat' dir='ltr'>pretermittantur</span> <span class='ocrx_word' id='word_1_191' title='bbox 661 2610 747 2667; x_wconf 90' lang='lat' dir='ltr'>verba</span> <span class='ocrx_word' id='word_1_192' title='bbox 769 2618 798 2665; x_wconf 93' lang='lat' dir='ltr'>et</span> <span class='ocrx_word' id='word_1_193' title='bbox 810 2609 891 2686; x_wconf 83' lang='lat' dir='ltr'>signa</span> <span class='ocrx_word' id='word_1_194' title='bbox 905 2627 968 2682; x_wconf 87' lang='lat' dir='ltr'>quae</span> <span class='ocrx_word' id='word_1_195' title='bbox 989 2609 1135 2685; x_wconf 87' lang='lat' dir='ltr'>pertinent</span> <span class='ocrx_word' id='word_1_196' title='bbox 1156 2607 1191 2666; x_wconf 91' lang='lat' dir='ltr'>ad</span> <span class='ocrx_word' id='word_1_197' title='bbox 1206 2626 1269 2685; x_wconf 89' lang='lat' dir='ltr'>spe-</span> 
     </span>
     <span class='ocr_line' id='line_1_24' title="bbox 174 2705 1267 2796; baseline 0.001 -33"><span class='ocrx_word' id='word_1_198' title='bbox 174 2707 248 2765; x_wconf 90' lang='lat' dir='ltr'>ciem</span> <span class='ocrx_word' id='word_1_199' title='bbox 275 2705 466 2765; x_wconf 84' lang='lat' dir='ltr'>deficientem.</span> <span class='ocrx_word' id='word_1_200' title='bbox 507 2707 603 2796; x_wconf 63' lang='lat' dir='ltr'>Quodd</span> <span class='ocrx_word' id='word_1_201' title='bbox 616 2709 641 2765; x_wconf 94' lang='lat' dir='ltr'>si</span> <span class='ocrx_word' id='word_1_202' title='bbox 666 2707 845 2786; x_wconf 83' lang='lat' dir='ltr'>expectando</span> <span class='ocrx_word' id='word_1_203' title='bbox 866 2708 1030 2780; x_wconf 79' lang='lat' dir='ltr'>aliquandiu</span> <span class='ocrx_word' id='word_1_204' title='bbox 1052 2707 1151 2766; x_wconf 88' lang='lat' dir='ltr'>haberi</span> <span class='ocrx_word' id='word_1_205' title='bbox 1165 2709 1267 2784; x_wconf 88' lang='lat' dir='ltr'>possit,</span> 
     </span>
     <span class='ocr_line' id='line_1_25' title="bbox 172 2801 1266 2884; baseline 0.003 -21"><span class='ocrx_word' id='word_1_206' title='bbox 172 2805 383 2883; x_wconf 88' lang='lat' dir='ltr'>expectandum</span> <span class='ocrx_word' id='word_1_207' title='bbox 398 2807 460 2875; x_wconf 88' lang='lat' dir='ltr'>crit,</span> <span class='ocrx_word' id='word_1_208' title='bbox 475 2826 511 2865; x_wconf 90' lang='lat' dir='ltr'>ne</span> <span class='ocrx_word' id='word_1_209' title='bbox 521 2808 690 2866; x_wconf 90' lang='lat' dir='ltr'>sacrificium</span> <span class='ocrx_word' id='word_1_210' title='bbox 704 2816 815 2866; x_wconf 80' lang='lat' dir='ltr'>maneat</span> <span class='ocrx_word' id='word_1_211' title='bbox 828 2801 1075 2884; x_wconf 78' lang='lat' dir='ltr'>imperfectum.’&#39;²</span> <span class='ocrx_word' id='word_1_212' title='bbox 1115 2807 1150 2864; x_wconf 85' lang='lat' dir='ltr'>Si</span> <span class='ocrx_word' id='word_1_213' title='bbox 1169 2809 1266 2866; x_wconf 86' lang='lat' dir='ltr'>vinum</span> 
     </span>
     <span class='ocr_line' id='line_1_26' title="bbox 173 2904 1268 2983; baseline 0.002 -20"><span class='ocrx_word' id='word_1_214' title='bbox 173 2905 270 2964; x_wconf 88' lang='lat' dir='ltr'>haberi</span> <span class='ocrx_word' id='word_1_215' title='bbox 296 2907 399 2983; x_wconf 90' lang='lat' dir='ltr'>possit,</span> <span class='ocrx_word' id='word_1_216' title='bbox 414 2907 598 2980; x_wconf 88' lang='lat' dir='ltr'>quaerendum</span> <span class='ocrx_word' id='word_1_217' title='bbox 623 2909 741 2966; x_wconf 90' lang='lat' dir='ltr'>omnino</span> <span class='ocrx_word' id='word_1_218' title='bbox 765 2916 818 2975; x_wconf 89' lang='lat' dir='ltr'>est,</span> <span class='ocrx_word' id='word_1_219' title='bbox 832 2915 862 2964; x_wconf 92' lang='lat' dir='ltr'>et</span> <span class='ocrx_word' id='word_1_220' title='bbox 885 2904 1127 2965; x_wconf 85' lang='lat' dir='ltr'>consecrandum:</span> <span class='ocrx_word' id='word_1_221' title='bbox 1144 2906 1223 2980; x_wconf 93' lang='lat' dir='ltr'>quod</span> <span class='ocrx_word' id='word_1_222' title='bbox 1243 2909 1268 2966; x_wconf 90' lang='lat' dir='ltr'>si</span> 
     </span>
     <span class='ocr_line' id='line_1_27' title="bbox 172 3005 1268 3083; baseline 0.003 -22"><span class='ocrx_word' id='word_1_223' title='bbox 172 3025 252 3065; x_wconf 88' lang='lat' dir='ltr'>error</span> <span class='ocrx_word' id='word_1_224' title='bbox 273 3005 350 3064; x_wconf 86' lang='lat' dir='ltr'>haud</span> <span class='ocrx_word' id='word_1_225' title='bbox 367 3005 496 3065; x_wconf 89' lang='lat' dir='ltr'>detectus</span> <span class='ocrx_word' id='word_1_226' title='bbox 519 3007 612 3075; x_wconf 87' lang='lat' dir='ltr'>suerit,</span> <span class='ocrx_word' id='word_1_227' title='bbox 635 3008 692 3065; x_wconf 91' lang='lat' dir='ltr'>nisi</span> <span class='ocrx_word' id='word_1_228' title='bbox 711 3007 859 3083; x_wconf 90' lang='lat' dir='ltr'>absumpta</span> <span class='ocrx_word' id='word_1_229' title='bbox 880 3006 984 3074; x_wconf 89' lang='lat' dir='ltr'>hostia,</span> <span class='ocrx_word' id='word_1_230' title='bbox 1006 3007 1089 3082; x_wconf 92' lang='lat' dir='ltr'>panis</span> <span class='ocrx_word' id='word_1_231' title='bbox 1112 3025 1179 3065; x_wconf 89' lang='lat' dir='ltr'>curn</span> <span class='ocrx_word' id='word_1_232' title='bbox 1200 3007 1268 3064; x_wconf 89' lang='lat' dir='ltr'>vino</span> 
     </span>
     <span class='ocr_line' id='line_1_28' title="bbox 172 3103 1268 3184; baseline 0 -21"><span class='ocrx_word' id='word_1_233' title='bbox 172 3103 385 3163; x_wconf 88' lang='lat' dir='ltr'>consecrandus</span> <span class='ocrx_word' id='word_1_234' title='bbox 399 3106 451 3163; x_wconf 91' lang='lat' dir='ltr'>erit</span> <span class='ocrx_word' id='word_1_235' title='bbox 464 3114 495 3163; x_wconf 91' lang='lat' dir='ltr'>ut</span> <span class='ocrx_word' id='word_1_236' title='bbox 514 3114 625 3164; x_wconf 86' lang='lat' dir='ltr'>constet</span> <span class='ocrx_word' id='word_1_237' title='bbox 638 3107 779 3184; x_wconf 85' lang='lat' dir='ltr'>integrum</span> <span class='ocrx_word' id='word_1_238' title='bbox 803 3106 993 3165; x_wconf 87' lang='lat' dir='ltr'>sacrificium:</span> <span class='ocrx_word' id='word_1_239' title='bbox 1017 3105 1074 3164; x_wconf 92' lang='lat' dir='ltr'>nisi</span> <span class='ocrx_word' id='word_1_240' title='bbox 1095 3105 1151 3164; x_wconf 85' lang='lat' dir='ltr'>alia</span> <span class='ocrx_word' id='word_1_241' title='bbox 1171 3104 1268 3165; x_wconf 87' lang='lat' dir='ltr'>hostia</span> 
     </span>
     <span class='ocr_line' id='line_1_29' title="bbox 170 3202 1266 3275; baseline 0.002 -15"><span class='ocrx_word' id='word_1_242' title='bbox 170 3202 269 3262; x_wconf 89' lang='lat' dir='ltr'>haberi</span> <span class='ocrx_word' id='word_1_243' title='bbox 282 3212 415 3275; x_wconf 89' lang='lat' dir='ltr'>nequeat,</span> <span class='ocrx_word' id='word_1_244' title='bbox 430 3203 476 3261; x_wconf 90' lang='lat' dir='ltr'>vel</span> <span class='ocrx_word' id='word_1_245' title='bbox 488 3204 654 3263; x_wconf 89' lang='lat' dir='ltr'>scandalum</span> <span class='ocrx_word' id='word_1_246' title='bbox 675 3204 741 3263; x_wconf 92' lang='lat' dir='ltr'>inde</span> <span class='ocrx_word' id='word_1_247' title='bbox 755 3206 893 3264; x_wconf 87' lang='lat' dir='ltr'>oriturum</span> <span class='ocrx_word' id='word_1_248' title='bbox 910 3206 956 3265; x_wconf 89' lang='lat' dir='ltr'>sit.</span> <span class='ocrx_word' id='word_1_249' title='bbox 999 3205 1032 3263; x_wconf 88' lang='lat' dir='ltr'>Si</span> <span class='ocrx_word' id='word_1_250' title='bbox 1046 3204 1182 3263; x_wconf 86' lang='lat' dir='ltr'>sacerdos</span> <span class='ocrx_word' id='word_1_251' title='bbox 1196 3205 1266 3262; x_wconf 86' lang='lat' dir='ltr'>defi·</span> 
     </span>
     <span class='ocr_line' id='line_1_30' title="bbox 171 3302 1267 3380; baseline 0.002 -22"><span class='ocrx_word' id='word_1_252' title='bbox 171 3303 228 3359; x_wconf 91' lang='lat' dir='ltr'>ciat</span> <span class='ocrx_word' id='word_1_253' title='bbox 240 3303 384 3366; x_wconf 89' lang='lat' dir='ltr'>sensibus,</span> <span class='ocrx_word' id='word_1_254' title='bbox 399 3302 445 3359; x_wconf 92' lang='lat' dir='ltr'>vel</span> <span class='ocrx_word' id='word_1_255' title='bbox 459 3303 606 3371; x_wconf 89' lang='lat' dir='ltr'>moriatur,</span> <span class='ocrx_word' id='word_1_256' title='bbox 621 3305 716 3362; x_wconf 88' lang='lat' dir='ltr'>statim</span> <span class='ocrx_word' id='word_1_257' title='bbox 730 3314 796 3380; x_wconf 88' lang='lat' dir='ltr'>post</span> <span class='ocrx_word' id='word_1_258' title='bbox 808 3304 910 3363; x_wconf 76' lang='lat' dir='ltr'>hostiae</span> <span class='ocrx_word' id='word_1_259' title='bbox 924 3304 1178 3372; x_wconf 89' lang='lat' dir='ltr'>consecrationem,</span> <span class='ocrx_word' id='word_1_260' title='bbox 1194 3304 1267 3362; x_wconf 88' lang='lat' dir='ltr'>alius</span> 
     </span>
     <span class='ocr_line' id='line_1_31' title="bbox 170 3398 1268 3480; baseline 0.004 -23"><span class='ocrx_word' id='word_1_261' title='bbox 170 3398 316 3467; x_wconf 88' lang='lat' dir='ltr'>sacerdos,</span> <span class='ocrx_word' id='word_1_262' title='bbox 331 3400 417 3456; x_wconf 87' lang='lat' dir='ltr'>etiam</span> <span class='ocrx_word' id='word_1_263' title='bbox 445 3419 503 3458; x_wconf 90' lang='lat' dir='ltr'>non</span> <span class='ocrx_word' id='word_1_264' title='bbox 523 3402 653 3479; x_wconf 84' lang='lat' dir='ltr'>jejunus,</span> <span class='ocrx_word' id='word_1_265' title='bbox 678 3411 772 3479; x_wconf 89' lang='lat' dir='ltr'>potest</span> <span class='ocrx_word' id='word_1_266' title='bbox 797 3404 968 3462; x_wconf 88' lang='lat' dir='ltr'>sacrificium</span> <span class='ocrx_word' id='word_1_267' title='bbox 995 3405 1141 3480; x_wconf 86' lang='lat' dir='ltr'>prosequi,</span> <span class='ocrx_word' id='word_1_268' title='bbox 1167 3420 1268 3462; x_wconf 88' lang='lat' dir='ltr'>couse-</span> 
     </span>
     <span class='ocr_line' id='line_1_32' title="bbox 170 3498 1268 3580; baseline 0.004 -24"><span class='ocrx_word' id='word_1_269' title='bbox 170 3498 276 3557; x_wconf 89' lang='lat' dir='ltr'>crando</span> <span class='ocrx_word' id='word_1_270' title='bbox 303 3499 392 3555; x_wconf 90' lang='lat' dir='ltr'>vino:</span> <span class='ocrx_word' id='word_1_271' title='bbox 420 3498 557 3575; x_wconf 78' lang='lat' dir='ltr'>persentio</span> <span class='ocrx_word' id='word_1_272' title='bbox 583 3502 660 3560; x_wconf 90' lang='lat' dir='ltr'>enim</span> <span class='ocrx_word' id='word_1_273' title='bbox 692 3503 825 3561; x_wconf 86' lang='lat' dir='ltr'>sacrificii</span> <span class='ocrx_word' id='word_1_274' title='bbox 850 3503 908 3580; x_wconf 86' lang='lat' dir='ltr'>legi</span> <span class='ocrx_word' id='word_1_275' title='bbox 934 3502 1133 3561; x_wconf 75' lang='lat' dir='ltr'>ecclesiasticae</span> <span class='ocrx_word' id='word_1_276' title='bbox 1162 3503 1268 3580; x_wconf 87' lang='lat' dir='ltr'>jejunii</span> 
     </span>
     <span class='ocr_line' id='line_1_33' title="bbox 170 3597 1269 3680; baseline 0.004 -23"><span class='ocrx_word' id='word_1_277' title='bbox 170 3598 314 3677; x_wconf 86' lang='lat' dir='ltr'>praevalet.</span> <span class='ocrx_word' id='word_1_278' title='bbox 358 3597 419 3655; x_wconf 86' lang='lat' dir='ltr'>“Si</span> <span class='ocrx_word' id='word_1_279' title='bbox 434 3598 544 3669; x_wconf 92' lang='lat' dir='ltr'>obierit,</span> <span class='ocrx_word' id='word_1_280' title='bbox 556 3600 740 3678; x_wconf 86' lang='lat' dir='ltr'>semiprolata</span> <span class='ocrx_word' id='word_1_281' title='bbox 752 3602 843 3660; x_wconf 87' lang='lat' dir='ltr'>forma</span> <span class='ocrx_word' id='word_1_282' title='bbox 863 3603 1023 3680; x_wconf 85' lang='lat' dir='ltr'>sanguinis,</span> <span class='ocrx_word' id='word_1_283' title='bbox 1039 3611 1106 3660; x_wconf 87' lang='lat' dir='ltr'>tunc</span> <span class='ocrx_word' id='word_1_284' title='bbox 1120 3602 1189 3660; x_wconf 88' lang='lat' dir='ltr'>alter</span> <span class='ocrx_word' id='word_1_285' title='bbox 1204 3621 1269 3679; x_wconf 89' lang='lat' dir='ltr'>pro·</span> 
     </span>
     <span class='ocr_line' id='line_1_34' title="bbox 170 3697 1266 3780; baseline 0.002 -22"><span class='ocrx_word' id='word_1_286' title='bbox 170 3701 300 3774; x_wconf 88' lang='lat' dir='ltr'>sequitur</span> <span class='ocrx_word' id='word_1_287' title='bbox 314 3697 449 3766; x_wconf 87' lang='lat' dir='ltr'>Missam,</span> <span class='ocrx_word' id='word_1_288' title='bbox 459 3707 488 3756; x_wconf 90' lang='lat' dir='ltr'>et</span> <span class='ocrx_word' id='word_1_289' title='bbox 500 3718 588 3778; x_wconf 88' lang='lat' dir='ltr'>super</span> <span class='ocrx_word' id='word_1_290' title='bbox 597 3702 722 3760; x_wconf 90' lang='lat' dir='ltr'>eundern</span> <span class='ocrx_word' id='word_1_291' title='bbox 732 3702 852 3761; x_wconf 85' lang='lat' dir='ltr'>calicem</span> <span class='ocrx_word' id='word_1_292' title='bbox 860 3712 969 3779; x_wconf 88' lang='lat' dir='ltr'>repetat</span> <span class='ocrx_word' id='word_1_293' title='bbox 979 3704 1118 3780; x_wconf 86' lang='lat' dir='ltr'>integram</span> <span class='ocrx_word' id='word_1_294' title='bbox 1132 3701 1266 3769; x_wconf 84' lang='lat' dir='ltr'>formam,</span> 
     </span>
     <span class='ocr_line' id='line_1_35' title="bbox 170 3799 1285 3878; baseline 0 -19"><span class='ocrx_word' id='word_1_295' title='bbox 170 3803 205 3859; x_wconf 89' lang='lat' dir='ltr'>ab</span> <span class='ocrx_word' id='word_1_296' title='bbox 225 3819 259 3859; x_wconf 91' lang='lat' dir='ltr'>eo</span> <span class='ocrx_word' id='word_1_297' title='bbox 272 3802 353 3859; x_wconf 87' lang='lat' dir='ltr'>loco:</span> <span class='ocrx_word' id='word_1_298' title='bbox 383 3799 499 3858; x_wconf 86' lang='lat' dir='ltr'>‘Simili</span> <span class='ocrx_word' id='word_1_299' title='bbox 525 3799 621 3870; x_wconf 90' lang='lat' dir='ltr'>modo,</span> <span class='ocrx_word' id='word_1_300' title='bbox 643 3802 708 3860; x_wconf 87' lang='lat' dir='ltr'>etc.’</span> <span class='ocrx_word' id='word_1_301' title='bbox 731 3802 784 3860; x_wconf 88' lang='lat' dir='ltr'>Vel</span> <span class='ocrx_word' id='word_1_302' title='bbox 813 3811 912 3877; x_wconf 90' lang='lat' dir='ltr'>posset</span> <span class='ocrx_word' id='word_1_303' title='bbox 933 3821 1019 3878; x_wconf 91' lang='lat' dir='ltr'>super</span> <span class='ocrx_word' id='word_1_304' title='bbox 1039 3801 1126 3860; x_wconf 88' lang='lat' dir='ltr'>elium</span> <span class='ocrx_word' id='word_1_305' title='bbox 1147 3802 1285 3860; x_wconf 87' lang='lat' dir='ltr'>calicem.</span> 
     </span>
     <span class='ocr_line' id='line_1_36' title="bbox 169 3899 1267 3979; baseline 0.001 -22"><span class='ocrx_word' id='word_1_306' title='bbox 169 3911 360 3978; x_wconf 73' lang='lat' dir='ltr'>preparatum</span> <span class='ocrx_word' id='word_1_307' title='bbox 375 3899 514 3977; x_wconf 86' lang='lat' dir='ltr'>integram</span> <span class='ocrx_word' id='word_1_308' title='bbox 528 3901 650 3961; x_wconf 86' lang='lat' dir='ltr'>formam</span> <span class='ocrx_word' id='word_1_309' title='bbox 664 3903 800 3979; x_wconf 90' lang='lat' dir='ltr'>perficere</span> <span class='ocrx_word' id='word_1_310' title='bbox 814 3910 842 3958; x_wconf 88' lang='lat' dir='ltr'>et</span> <span class='ocrx_word' id='word_1_311' title='bbox 854 3901 976 3960; x_wconf 88' lang='lat' dir='ltr'>hostiam</span> <span class='ocrx_word' id='word_1_312' title='bbox 990 3901 1078 3978; x_wconf 89' lang='lat' dir='ltr'>primi</span> <span class='ocrx_word' id='word_1_313' title='bbox 1100 3900 1267 3967; x_wconf 88' lang='lat' dir='ltr'>sacerdotis,</span> 
     </span>
     <span class='ocr_line' id='line_1_37' title="bbox 169 3999 1269 4076; baseline 0.005 -23"><span class='ocrx_word' id='word_1_314' title='bbox 169 4010 198 4055; x_wconf 91' lang='lat' dir='ltr'>et</span> <span class='ocrx_word' id='word_1_315' title='bbox 218 4001 389 4076; x_wconf 81' lang='lat' dir='ltr'>sanguinem</span> <span class='ocrx_word' id='word_1_316' title='bbox 410 4018 471 4059; x_wconf 89' lang='lat' dir='ltr'>ase</span> <span class='ocrx_word' id='word_1_317' title='bbox 484 4010 683 4062; x_wconf 89' lang='lat' dir='ltr'>consecratum</span> <span class='ocrx_word' id='word_1_318' title='bbox 696 4019 821 4069; x_wconf 85' lang='lat' dir='ltr'>sumere,</span> <span class='ocrx_word' id='word_1_319' title='bbox 836 4009 865 4058; x_wconf 92' lang='lat' dir='ltr'>et</span> <span class='ocrx_word' id='word_1_320' title='bbox 877 3999 981 4058; x_wconf 90' lang='lat' dir='ltr'>deinde</span> <span class='ocrx_word' id='word_1_321' title='bbox 1000 4001 1121 4059; x_wconf 85' lang='lat' dir='ltr'>calicem</span> <span class='ocrx_word' id='word_1_322' title='bbox 1138 4001 1269 4059; x_wconf 86' lang='lat' dir='ltr'>relictum</span> 
     </span>
     <span class='ocr_line' id='line_1_38' title="bbox 169 4093 500 4158; baseline 0.018 -8"><span class='ocrx_word' id='word_1_323' title='bbox 169 4093 500 4158; x_wconf 85' lang='lat' dir='ltr'>semiconsecratum.”³</span> 
     </span>
    </p>
   </div>
   <div class='ocr_carea' id='block_1_5' title="bbox 205 4250 1234 4406">
    <p class='ocr_par' dir='ltr' id='par_1_5' title="bbox 205 4249 1234 4406">
     <span class='ocr_line' id='line_1_39' title="bbox 205 4250 1234 4325; baseline 0.007 -27"><span class='ocrx_word' id='word_1_324' title='bbox 205 4250 245 4315; x_wconf 90' lang='lat' dir='ltr'>(l)</span> <span class='ocrx_word' id='word_1_325' title='bbox 264 4265 298 4298; x_wconf 94' lang='grc' dir='ltr'>ιιι</span> <span class='ocrx_word' id='word_1_326' title='bbox 309 4265 334 4316; x_wconf 90' lang='lat' dir='ltr'>p.</span> <span class='ocrx_word' id='word_1_327' title='bbox 342 4267 383 4316; x_wconf 85' lang='lat' dir='ltr'>qn.</span> <span class='ocrx_word' id='word_1_328' title='bbox 395 4252 492 4305; x_wconf 83' lang='lat' dir='ltr'>lxxviii.</span> <span class='ocrx_word' id='word_1_329' title='bbox 504 4264 546 4309; x_wconf 83' lang='lat' dir='ltr'>ert.</span> <span class='ocrx_word' id='word_1_330' title='bbox 558 4257 590 4307; x_wconf 80' lang='lat' dir='ltr'>vt.</span> <span class='ocrx_word' id='word_1_331' title='bbox 620 4257 669 4309; x_wconf 80' lang='lat' dir='ltr'>Sed</span> <span class='ocrx_word' id='word_1_332' title='bbox 676 4262 770 4310; x_wconf 84' lang='lat' dir='ltr'>contra.</span> <span class='ocrx_word' id='word_1_333' title='bbox 937 4258 980 4325; x_wconf 79' lang='lat'>(2)</span> <span class='ocrx_word' id='word_1_334' title='bbox 1000 4255 1105 4307; x_wconf 79' lang='lat' dir='ltr'>Robrica</span> <span class='ocrx_word' id='word_1_335' title='bbox 1117 4254 1234 4306; x_wconf 82' lang='lat' dir='ltr'>Missalis.</span> 
     </span>
     <span class='ocr_line' id='line_1_40' title="bbox 575 4339 855 4406; baseline -0.011 -17"><span class='ocrx_word' id='word_1_336' title='bbox 575 4342 617 4406; x_wconf 80' lang='lat'>(³)</span> <span class='ocrx_word' id='word_1_337' title='bbox 637 4341 700 4390; x_wconf 87' lang='lat' dir='ltr'>Rub.</span> <span class='ocrx_word' id='word_1_338' title='bbox 713 4339 748 4389; x_wconf 89' lang='lat' dir='ltr'>tit.</span> <span class='ocrx_word' id='word_1_339' title='bbox 759 4354 784 4389; x_wconf 85' lang='lat' dir='ltr'>x.</span> <span class='ocrx_word' id='word_1_340' title='bbox 796 4353 821 4387; x_wconf 91' lang='lat' dir='ltr'>n.</span> <span class='ocrx_word' id='word_1_341' title='bbox 831 4339 855 4386; x_wconf 83' lang='lat'>3.</span> 
     </span>
    </p>
   </div>
   <div class='ocr_carea' id='block_1_6' title="bbox 0 0 1324 4860">
    <p class='ocr_par' dir='ltr' id='par_1_6' title="bbox 0 0 1324 4860">
     <span class='ocr_line' id='line_1_41' title="bbox 0 0 1324 4860; baseline 0 0"><span class='ocrx_word' id='word_1_342' title='bbox 0 0 1324 4860; x_wconf 95' lang='lat' dir='ltr'> </span> 
     </span>
    </p>
   </div>
  </div>
 </body>
</html>
