2634 4854
108 373 166 432 tou
356 367 414 430 DE
435 363 603 428 statuto
624 360 946 426 CONFESSIONIS.

554 886 696 948 CAPUT
715 889 754 946 V.

443 1102 482 1142 DE
503 1101 619 1142 stanno
640 1102 860 1144 conrusstortts.

148 1268 200 1325 nt.
222 1262 353 1341 Sigillum
364 1261 552 1320 consessionis
562 1263 874 1322 vocaturarctissimum
885 1261 958 1321 illud
970 1280 1097 1321 arcanum
1109 1263 1165 1337 quod

110 1362 254 1429 sacerdos,
268 1361 460 1420 consessiones
475 1360 672 1436 poenitentium
685 1363 844 1438 excipiens,
859 1379 973 1421 servare
987 1369 1099 1419 tenetur.
1133 1361 1167 1421 Ex

106 1463 173 1540 jure
195 1460 292 1520 divino
317 1458 416 1518 merito
445 1458 596 1526 derivatur,
623 1477 690 1516 nam
716 1478 751 1517 eo
772 1461 838 1538 jure
864 1480 922 1534 quo
944 1468 1075 1537 peccator
1094 1458 1125 1517 ad
1139 1461 1169 1518 sui

112 1561 321 1618 accusationem
335 1559 482 1634 obligatur,
492 1556 585 1634 judex
594 1556 629 1614 ad
639 1558 785 1617 silentium
798 1559 832 1617 de
846 1559 1170 1646 causasibi-innotescente

111 1658 282 1717 mirandum
302 1667 429 1716 tenetur:
459 1674 544 1714 nemo
567 1657 644 1715 enirn
666 1675 696 1714 se
718 1658 859 1733 proderet,
879 1658 936 1716 nisi
959 1657 996 1715 dc
1017 1657 1072 1715 fide
1089 1656 1171 1733 judicia

111 1757 214 1817 certior
226 1757 326 1814 factus.
368 1765 388 1791 “
399 1754 611 1831 Preceptum,'’
627 1756 719 1828 inquit
731 1756 763 1815 S.
779 1756 920 1823 Thomas,
942 1765 961 1792 “
970 1755 1006 1813 de
1019 1755 1172 1815 confessione

111 1854 229 1915 celanda
241 1857 425 1930 consequitur
438 1856 532 1932 ipsum
545 1864 764 1924 sacramentum,
774 1866 803 1914 et
811 1855 875 1914 ideo
888 1856 961 1912 sicut
976 1853 1173 1932 praeceptumde

111 1955 293 2014 consessione
313 1955 507 2013 sacramentali
520 1953 660 2022 facienda,
674 1964 718 2012 est
730 1955 765 2012 de
781 1956 846 2032 jure
860 1953 966 2022 divino,
985 1965 1016 2012 et
1034 1972 1090 2011 uon
1102 1961 1174 2030 potest

112 2054 206 2127 aliqua
225 2054 446 2130 dispensatione,
460 2054 506 2111 vel
521 2054 654 2129 jussione
673 2053 797 2113 humana
809 2054 896 2112 homo
917 2053 1028 2111 absolvi
1039 2052 1073 2109 ab
1085 2070 1133 2109 eo:
1150 2052 1175 2109 ita

112 2153 208 2210 nullus
234 2151 270 2208 ad
295 2151 495 2210 revelationem
521 2152 711 2211 consessionis
737 2161 831 2229 potest
855 2153 890 2210 ab
910 2151 1029 2210 homine
1054 2150 1126 2228 cogi,
1144 2151 1176 2209 tel

111 2247 298 2310 licentiati.”¹
337 2249 401 2307 Lex
427 2250 620 2309 ecclesiastica
645 2270 780 2311 arcanum
802 2251 857 2309 hoo
882 2249 1055 2308 servandum
1075 2248 1177 2307 districte

110 2349 210 2428 jubet:
233 2346 373 2405 “Caveat
391 2347 542 2417 omnino‚”
557 2350 651 2423 inquit
670 2352 825 2410 concilium
845 2349 1040 2409 lateranense
1053 2348 1107 2406 lv.
1127 2355 1178 2407 “ne

111 2448 208 2516 verbo,
219 2448 265 2506 vel
275 2448 369 2524 signo,
378 2448 424 2507 vel
434 2448 490 2506 alio
498 2449 600 2520 quovis
610 2446 696 2507 modo
707 2450 809 2527 prodat
816 2448 994 2521 aliquatenus
1003 2456 1179 2526 peccatorem

112 2547 165 2606 sed
178 2547 203 2605 si
222 2546 398 2624 prudentiori
410 2547 533 2606 consilio
552 2547 717 2626 indiguerit,
731 2549 801 2608 illud
815 2548 919 2619 absque
934 2548 994 2606 ulla
1013 2546 1182 2623 expressione

113 2664 244 2726 persona
254 2654 334 2703 caute
345 2648 478 2718 requirat,
489 2648 626 2717 qnoniam
635 2648 683 2718 qui
693 2656 841 2723 peccatum
850 2649 880 2703 in
893 2645 1081 2724 poenitentiali
1089 2643 1185 2721 judicio

113 2747 169 2804 sibi
183 2745 325 2803 detectum
338 2745 553 2821 presumpserit
565 2746 702 2815 revelare,
718 2765 776 2805 non
788 2746 880 2804 solum
893 2765 910 2802 a
922 2743 1093 2804 sacerdotali
1104 2744 1186 2803 officio

112 2844 314 2922 deponendum
340 2842 530 2911 decernimus,
557 2863 658 2902 verum
684 2846 769 2903 etiam
796 2844 831 2902 ad
863 2843 1002 2922 agendam
1029 2850 1187 2920 perpetuam

112 2945 308 3021 penitentiam
327 2943 356 3001 in
377 2952 482 3001 arctum
503 2945 706 3002 monasterium
725 2936 978 3002 detrudendum.''²
1019 2943 1054 3001 In
1074 2961 1106 3000 re
1125 2949 1191 3000 muta

114 3045 193 3102 nulla
206 3043 287 3101 datur
300 3043 422 3119 parvitas
434 3063 442 3110 3
464 3053 634 3120 quapropter
646 3043 771 3101 revelare
786 3043 925 3102 venialem
939 3042 1061 3120 alicujus
1075 3040 1191 3118 culpam,

113 3161 177 3215 qum
186 3162 223 3200 ex
231 3143 411 3200 consessione
423 3142 553 3209 innotuit,
564 3150 640 3200 esset
649 3161 733 3218 grave
743 3143 883 3220 sacrilegii
894 3151 1052 3220 peccatum.
1076 3140 1192 3217 Triplex

113 3240 220 3299 malitia
237 3243 266 3298 in
286 3241 457 3299 revelatione
477 3242 625 3316 reperitur,
638 3258 741 3317 nempe
761 3242 909 3318 sacrilegii,
924 3239 1000 3314 quod
1020 3248 1193 3298 sacramento

111 3338 143 3394 fit
162 3339 284 3416 injuria;
305 3339 373 3397 fidei
394 3339 486 3397 tracta
512 3341 621 3399 homini
647 3359 746 3397 arcana
771 3342 893 3416 pectoris
915 3358 953 3397 ex
973 3338 1080 3397 fiducia
1100 3339 1195 3396 secreti

111 3436 273 3512 pandendi;
307 3447 335 3494 et
366 3434 575 3495 detractionis.⁸
629 3439 718 3496 Nulla
742 3457 867 3513 unquam
894 3438 953 3496 dari
985 3447 1081 3515 potest
1105 3456 1196 3496 rerum

111 3534 247 3603 conditio,
263 3536 363 3608 inqua
379 3537 520 3594 ullatenus
536 3536 654 3613 prodere
670 3557 802 3597 arcanum
815 3536 979 3616 hujusmodi
991 3537 1086 3611 liceat,
1100 3537 1197 3609 nequi·

112 3632 178 3693 dem
192 3633 227 3692 ad
246 3635 447 3712 gravissimum
467 3634 631 3695 scandalum
652 3633 823 3707 vitandum,⁴
842 3638 887 3695 vel
907 3635 943 3693 ad
963 3635 1068 3694 malum
1085 3633 1200 3708 aliquod

112 3734 306 3794 avertendum:
322 3753 388 3794 nam
398 3753 436 3793 ex
448 3738 594 3794 communi
607 3733 734 3795 fidelium
744 3756 841 3806 sensu,
853 3746 881 3795 et
888 3735 1029 3795 Ecclesiae
1039 3732 1197 3801 traditione,

113 3844 224 3895 constat
235 3836 346 3894 nullum
359 3834 420 3893 dari
432 3833 526 3893 locum
540 3835 712 3911 exceptioni.

151 3940 202 3996 76.
224 3934 330 3994 Omnia
343 3953 406 4009 quae
426 3934 587 3994 confitendo
599 3934 741 4003 dicuntur,
758 3935 819 3992 sive
839 3953 902 4006 que
922 3932 1115 3992 consessionis
1134 3932 1199 4008 lege

112 4032 233 4093 dicenda
252 4046 328 4104 sunt,
349 4035 412 4094 sive
432 4053 496 4108 que
516 4036 579 4114 ejus
603 4034 755 4093 occasione
779 4033 960 4112 proferuntur
978 4030 1014 4088 ad
1033 4031 1200 4108 paenitentis

147 4233 191 4298 (1)
210 4232 632 4300 snppntpqaxtuataua
800 4235 843 4300 (a)
863 4231 986 4298 capnt.

147 4317 191 4383 (a)
210 4316 505 4384 salmanassar
806 4319 850 4386 (4)
868 4314 1183 4385 sepaparationem
