2640 4860
94 376 154 432 858
291 370 351 431 DE
372 366 693 430 IMPEDlMENTIS
713 364 991 426 MATRIMONII.

96 535 265 596 “caliditas
278 535 454 614 superflua,''
469 536 562 607 inquit
574 534 606 591 S.
622 534 766 602 Thomas,
788 541 809 569 “
820 533 869 591 vix
883 541 1057 609 potestesse
1071 532 1183 610 impedi·

95 647 220 695 ruentum
237 651 421 712 perpetuum:
437 636 462 692 si
476 646 570 693 tamen
583 635 766 701 inveniretur,
778 632 854 706 quod
869 650 921 709 per
931 633 1088 692 triennium
1100 634 1183 709 impe·

93 733 166 792 diret
197 736 340 794 carnalem
370 735 512 811 copulam,
542 733 717 810 judicaretur
749 727 967 808 perpetuum.”l
1009 731 1123 790 Censet
1153 733 1182 789 S.

91 833 257 910 Alphonsus
271 836 321 892 vix
334 853 398 893 esse
412 852 446 891 ea
458 833 494 891 de
507 851 592 890 causa
607 831 788 908 separandos,
800 849 889 903 quum
903 831 1008 899 servor,
1024 839 1105 889 aetate
1119 850 1178 907 pro·

95 931 251 1010 gradiente,
265 934 419 992 decrescat.
462 933 645 991 Abominatio
659 931 711 989 viri
731 948 799 1006 erga
818 931 968 989 mulierem
983 919 1148 1002 quamdam,
1162 930 1185 987 si

94 1032 237 1109 ejusmodi
250 1035 288 1091 sit
300 1043 331 1090 ut
343 1042 465 1105 nequeat
484 1032 601 1089 excitari
615 1028 649 1087 ad
670 1030 802 1106 copulam
823 1047 889 1087 cum
909 1047 953 1097 ea,
967 1029 1037 1087 licet
1048 1030 1187 1086 excitetur

95 1149 163 1208 erga
176 1130 255 1200 alias,
270 1142 365 1209 potest
383 1131 581 1207 impotentiam
602 1129 747 1187 relativam
768 1127 922 1186 inducere:
945 1128 997 1186 sed
1011 1129 1129 1186 triennii
1142 1147 1188 1185 ex·

96 1229 235 1306 parientia
247 1230 337 1288 datur.

135 1334 205 1387 203.
226 1329 440 1407 Propertionia
451 1346 549 1385 vasum
561 1326 687 1384 deiectus
698 1327 893 1403 impotentiam
905 1327 1062 1394 coustituit,
1075 1325 1187 1399 qnando

95 1428 205 1486 scilicet
224 1449 273 1486 vas
287 1430 339 1488 viri
353 1448 402 1486 vas
416 1427 528 1485 semine
542 1438 689 1503 penetrare
703 1426 809 1498 nequit.
852 1425 885 1482 si
899 1425 1006 1483 femina
1019 1426 1113 1501 possit
1124 1425 1183 1482 fieri

96 1527 185 1585 coitui
204 1528 309 1586 idonea
330 1528 479 1592 incisione,
500 1544 564 1599 qnae
585 1524 634 1581 fiat
654 1525 760 1597 absque
781 1524 845 1581 vitae
865 1524 911 1583 rel
935 1525 1029 1582 morbi
1051 1524 1186 1601 periculo,

96 1625 172 1683 valet
185 1627 410 1685 matrimonium:
433 1624 508 1698 quod
529 1625 554 1682 si
576 1624 676 1681 incisio
697 1624 757 1681 fieri
780 1633 903 1694 nequeat
921 1623 1030 1696 absque
1050 1624 1115 1681 vita
1133 1624 1188 1682 dis·

96 1725 227 1795 crimine,
252 1746 309 1785 non
331 1706 430 1783 valet*
456 1723 490 1780 Si
516 1723 607 1782 morbi
627 1723 721 1798 gravis
742 1703 900 1799 periculum
920 1741 959 1780 ex
979 1722 1124 1781 incisione
1138 1725 1187 1781 im-

96 1824 213 1889 mineat,
228 1825 283 1882 vita
306 1843 420 1897 quoque
443 1821 594 1899 periclitari
615 1821 736 1879 dicenda
757 1831 810 1889 est,
832 1819 954 1895 ideoque
975 1821 1186 1881 matrimonium

96 1934 142 1980 est
155 1923 280 1980 nullum:
303 1923 380 1997 quod
401 1924 426 1980 si
447 1921 546 1980 mortis
566 1920 725 1998 periculum
745 1921 863 1979 omnino
880 1920 962 1989 absit,
984 1921 1082 1997 plures
1095 1920 1188 1979 dicunt

96 2023 311 2081 matrimonium
334 2023 438 2088 valere,
459 2022 527 2079 licet
545 2021 639 2096 gravis
662 2017 792 2077 iacienda
805 2020 842 2076 sit
854 2021 970 2078 incisio.
1014 2019 1135 2079 Certum
1148 2028 1190 2076 est

96 2121 201 2187 valere,
223 2122 325 2179 sileri
348 2140 422 2198 opus
444 2121 482 2178 sit
502 2119 652 2186 incisione,
676 2138 762 2192 quam
788 2120 915 2186 maritus,
936 2119 984 2176 vel
1003 2119 1107 2177 mulier
1128 2120 1188 2195 ipsa

96 2217 189 2276 faciat.
232 2219 317 2277 Hanc
330 2221 392 2296 ipsa
405 2219 463 2294 pati
483 2227 602 2284 tenetur,
626 2235 714 2288 quum
736 2219 775 2276 sit
796 2217 921 2277 medium
941 2220 1136 2277 necessarium
1158 2227 1189 2276 ut

97 2317 140 2374 vir
160 2335 193 2373 ea
206 2318 345 2392 potiatur:
368 2336 421 2374 nec
442 2335 495 2392 per
514 2334 546 2372 se
568 2316 655 2374 nimis
678 2315 805 2375 difficile.
848 2317 985 2390 Plerique
1006 2317 1107 2376 dicunt
1127 2335 1188 2374 eam

96 2433 156 2474 uon
178 2416 267 2473 teneri
289 2418 348 2491 pati
370 2433 484 2492 gravem
507 2415 677 2473 incisionem
700 2433 785 2473 manu
799 2414 924 2491 chirurgi
937 2415 1108 2483 faciendam,
1122 2432 1188 2473 nam

97 2514 222 2573 ineundo
237 2516 417 2574 matrimonio
431 2517 480 2572 vix
502 2514 645 2572 censenda
665 2523 708 2570 est
725 2533 756 2570 se
769 2515 913 2590 obligasse
927 2514 962 2572 ad
975 2514 1103 2573 medium
1117 2513 1188 2571 adeo

97 2613 224 2679 difficile,
240 2633 304 2672 oum
317 2614 492 2673 verecundiae
507 2614 595 2671 nimia
605 2615 725 2689 jactura,
737 2615 892 2688 presertim
903 2630 991 2685 quum
1005 2614 1069 2671 vitae
1080 2613 1193 2689 pericuf,

26 2718 32 2731 '
99 2712 158 2771 lum
173 2715 221 2770 vix
236 2714 317 2771 absit.
361 2713 393 2768 Si
415 2714 560 2786 contingat
581 2713 706 2784 separari
727 2713 876 2787 conjuges,
900 2710 1026 2782 eoquod
1039 2712 1143 2769 mulier
1156 2712 1192 2768 sit

96 2811 182 2869 nimis
204 2819 297 2881 arcta,
314 2830 378 2884 quae
402 2810 448 2867 alii
469 2809 556 2867 simili
572 2808 706 2884 deinceps
722 2810 832 2867 nubens
847 2810 881 2866 ab
902 2828 937 2867 eo
952 2819 1150 2886 cognoscatur,
1164 2811 1189 2866 si

98 2909 165 2967 inde
190 2911 297 2982 liqueat
322 2928 385 2968 eam
414 2928 501 2985 posse
527 2909 562 2965 ab
583 2908 638 2965 alio
661 2908 806 2983 cognosci,
821 2909 925 2984 nuptiae
949 2910 1060 2984 priores
1086 2907 1184 2966 validae

96 3008 235 3067 habendae
256 3021 347 3076 erunt,
366 3017 394 3065 et
416 3008 516 3067 mulier
536 3007 635 3064 marito
656 3007 846 3064 restituenda·
884 3007 1028 3066 Caeterum
1041 3009 1186 3081 utriusque

99 3108 149 3165 viri
164 3108 330 3177 similitudo,
345 3126 501 3180 rasumque
517 3107 661 3182 proportio
682 3105 888 3164 consideranda
908 3107 970 3173 erit,
992 3120 1024 3165 ut
1036 3126 1206 3190 cognosce-U

35 3241 39 3247 -
97 3215 141 3263 tur
155 3218 246 3264 utrum
263 3208 386 3284 potuerit
399 3206 492 3283 puella
507 3207 612 3276 absque
626 3206 688 3262 vitre
703 3207 829 3281 periculo
844 3206 903 3264 viro
917 3206 1005 3282 priori
1020 3202 1136 3282 aptari.2

137 3310 207 3362 204.
230 3305 475 3377 Quandocumque
489 3305 656 3379 impotentia
679 3317 754 3362 certa
774 3314 858 3362 estet
871 3304 1031 3374 manifesta,
1047 3306 1184 3365 matrimo-

98 3402 177 3458 nium
192 3403 283 3459 stntim
298 3403 461 3461 habendum
482 3413 526 3460 est
538 3403 658 3471 nullum,
682 3413 710 3461 et
730 3404 927 3463 contrahentes
942 3405 1094 3480 separandi
1108 3414 1183 3469 sunt;

98 3518 152 3556 nec
174 3501 250 3556 enim
271 3501 337 3558 licet
356 3500 463 3571 aliquid
484 3500 645 3576 nuptiarum
666 3505 781 3561 nomine
806 3513 921 3571 tentare,
943 3503 1059 3576 quando
1080 3503 1183 3579 nuptiis

95 3599 230 3658 ineundis
256 3609 411 3659 noscuntur
436 3600 572 3675 impares.
615 3601 662 3658 Ea
682 3603 823 3678 separatio
843 3622 901 3661 non
923 3602 1035 3680 indiget
1058 3601 1184 3680 presulis

97 3701 270 3769 auctoritate,
293 3699 422 3774 quamvis
436 3698 468 3757 ad
484 3699 596 3758 vitanda
609 3700 732 3775 plurima
752 3701 942 3771 incommoda,
957 3702 1118 3778 expetenda
1130 3702 1183 3779 pie·

96 3817 217 3872 rumque
244 3802 289 3858 sit.
331 3802 365 3858 Si
391 3808 454 3858 ante
482 3800 695 3859 matrimonium
721 3801 807 3859 dubia
827 3802 864 3858 sit
883 3803 1063 3878 impotentia,
1091 3807 1184 3878 peccat

96 3899 218 3973 graviter
238 3901 287 3972 qui
301 3900 474 3958 dubitatione
489 3910 622 3958 manente
636 3900 848 3959 matrimonium
862 3901 923 3969 init,
938 3920 1005 3960 nam
1019 3910 1125 3960 temere
1138 3916 1182 3957 ex·

92 3996 174 4070 ponit
183 4009 392 4058 sacramentum
405 3999 574 4068 discrimini,
589 4009 616 4057 et
629 4001 709 4058 alteri
723 4000 789 4057 lacit
801 4001 945 4078 injuriam.
988 4001 1021 4060 Si
1035 3997 1175 4078 probabile

333 4238 375 4302 (l)
395 4237 482 4301 Suppl.
493 4254 535 4302 qu.
546 4238 606 4289 lviii.
617 4245 661 4288 art.
671 4238 688 4287 i.
700 4236 731 4288 ad
743 4240 767 4285 2.

332 4322 375 4387 (2)
395 4322 425 4372 0.
434 4322 608 4385 Fraternitatis,
620 4328 643 4385 §.
655 4324 779 4384 Similiter,
791 4322 920 4393 defrigid.
