2640 4860
510 371 567 431 DE
589 370 808 430 DIVORTlO.
1149 375 1205 430 321

117 555 191 604 cum,
203 556 238 595 v:
258 558 286 615 g:
309 538 385 610 quod
399 538 530 596 alteruter
542 538 662 596 caruerit
676 539 837 614 baptismo:
859 554 917 609 quo
928 557 995 595 casu
1006 525 1204 609 licet'quidem

113 635 184 712 legis
199 639 363 698 auctoritate
377 656 408 694 se
422 638 502 704 tueri,
516 639 556 695 uti
579 637 712 713 colligere
726 646 818 694 estex
832 655 970 712 responso
991 637 1023 694 S.
1039 636 1206 712 Congrege-

113 736 197 792 tionis
213 737 245 793 S.
261 737 457 809 Inquisitionis
472 735 506 793 ad
527 737 644 807 quaesita
657 737 787 812 episcopi
802 737 1103 802 Neo-Aurelianensis,
1126 735 1172 792 die
1186 740 1205 794 9

112 834 290 909 Septembris
307 840 394 904 1824,
410 835 444 892 de
470 835 658 893 matrimoniis
679 855 741 908 quac
762 837 798 894 ob
826 835 1059 893 clandestinitatis
1083 834 1205 911 impedi-

111 945 239 991 mentum
255 934 379 992 invalida
391 944 479 992 erant.
523 935 667 1010 Imprimis
682 935 823 992 consuluit
838 944 867 993 ut
880 953 967 1010 opera
980 936 1073 991 omnis
1088 933 1207 992 adhibe·

110 1042 187 1090 retur
200 1033 234 1090 ad
250 1033 427 1092 inducendos
441 1053 491 1092 eos
505 1044 536 1090 ut
553 1033 703 1091 catholice
717 1035 790 1092 inter
802 1053 832 1090 se
847 1034 1063 1091 contraherent:
1079 1032 1157 1106 quod
1178 1034 1206 1093 si

110 1143 240 1205 uterque,
255 1135 299 1190 vel
314 1133 446 1191 alteruter
459 1152 538 1190 suarn
551 1134 605 1191 sibi
618 1132 775 1191 libertatem
791 1133 955 1200 vindicaret,
967 1143 995 1189 et
1008 1132 1043 1190 ad
1057 1143 1122 1190 vota
1131 1149 1207 1190 novt
1226 1136 1231 1143 “

110 1231 199 1289 vellet
212 1234 339 1300 transire,
353 1233 464 1290 obicem
486 1233 590 1290 vinculi
609 1233 709 1308 legalis
724 1232 879 1291 tollendum
901 1224 1053 1309 suggessit,
1072 1229 1148 1304 quod
1168 1232 1200 1291 itt

111 1331 285 1406 agnitionem
295 1333 440 1407 potestatis
450 1332 541 1390 civilis
554 1332 583 1389 in
592 1333 763 1389 matrimonii
772 1333 917 1390 vinculum
931 1331 1037 1389 traduci
1048 1350 1105 1389 uon
1118 1347 1204 1406 posse

112 1430 246 1488 ostendit.
290 1432 454 1490 “Poscenti
476 1441 571 1488 autem
597 1449 702 1488 novum
723 1449 788 1488 cum
815 1433 869 1489 alio
892 1431 963 1488 inire
989 1430 1201 1488 matrimonium

111 1547 276 1605 suggerere,
297 1531 373 1601 quod
399 1540 427 1587 et
451 1529 505 1587 sibi
529 1530 608 1605 prius
636 1529 775 1596 consulat,
799 1539 828 1587 et
853 1531 909 1606 ipsi
931 1529 1065 1606 parocho,
1093 1528 1204 1606 agendo

112 1629 222 1686 scilicet
246 1637 276 1684 ut
295 1640 323 1684 et
344 1630 399 1687 sibi
420 1629 513 1686 civilis
527 1629 658 1686 reddatur
670 1629 795 1697 libertas,
810 1638 837 1687 et
857 1629 982 1705 parocho
995 1629 1066 1686 nihil
1087 1631 1124 1686 sit
1138 1627 1204 1685 inde

112 1728 179 1785 mali
199 1727 400 1795 obventurum,
414 1747 471 1787 uon
493 1727 523 1785 id
549 1737 624 1785 esset
646 1728 739 1786 civilis
762 1728 872 1804 repudii
899 1747 1007 1785 morem
1031 1728 1203 1805 approbare,

111 1825 268 1884 dummodo
289 1829 341 1885 rite
367 1828 519 1885 instruatur
544 1827 692 1904 postulans
718 1826 746 1884 id
769 1846 826 1887 non
847 1827 912 1885 ideo
933 1829 1005 1894 fieri,
1020 1838 1052 1885 ut
1072 1827 1200 1886 solvatur

112 1927 322 1984 matrimoniale
335 1910 491 1994 vinculum,
503 1928 569 1999 quia
583 1926 661 1984 nullo
670 1927 730 2003 jam
743 1927 857 1985 viuculo
868 1927 1016 1994 detinetur,
1032 1927 1082 1985 sed
1096 1936 1204 1984 tantum

112 2034 140 2084 ut
167 2045 199 2084 se
221 2045 253 2083 ac
279 2026 434 2102 parochum
463 2026 638 2102 alegalibus
665 2025 772 2100 poenis.
791 2025 978 2098 civilibusque
1006 2026 1203 2084 vexationibus

111 2124 232 2183 redimat
233 2166 359 2183 ......
375 2124 467 2183 Hisce
486 2123 554 2182 verb
575 2143 663 2201 penes
691 2123 870 2183 Gubernium
896 2125 1065 2202 peragendis
1091 2144 1149 2184 non
1170 2144 1202 2183 se

110 2225 274 2282 immiscere
288 2224 392 2283 debent
406 2225 588 2282 missionarii.
631 2224 689 2290 Qui
703 2225 809 2282 nubere
824 2227 964 2302 exposcit,
979 2227 1040 2302 ipse
1055 2226 1201 2303 negotium

112 2323 306 2400 suumagat.”
1121 2307 1123 2311 ⁵

153 2426 220 2480 112.
243 2424 277 2481 Si
297 2424 469 2482 matrimonii
490 2423 635 2482 vinculum
656 2442 752 2481 coram
772 2423 836 2482 Deo
856 2425 1001 2492 subsistat,
1016 2434 1126 2482 constat
1145 2443 1204 2482 non

109 2522 196 2580 licere
210 2521 363 2581 divortium
376 2523 459 2581 ciuile
480 2542 606 2596 quaerere
627 2523 722 2580 animo
744 2541 832 2580 novas
854 2523 971 2581 ineundi
994 2525 1125 2598 nuptias:
1147 2522 1204 2580 hoc

111 2623 188 2680 enim
202 2622 306 2679 divinae
320 2624 376 2700 legi
391 2632 538 2700 repugnat.
573 2621 657 2689 Quod
671 2622 694 2678 si
710 2622 879 2696 gravissima
893 2633 992 2698 urgeat
1005 2623 1076 2679 ratio
1090 2620 1204 2678 divortii

111 2721 269 2793 quaerendi,
283 2741 387 2798 nempe
401 2741 437 2780 ne
451 2731 566 2797 cogatur
579 2721 695 2778 maritus
716 2739 753 2777 aes
772 2721 895 2777 alienum
920 2719 1017 2777 uxoris
1038 2718 1160 2786 solvere,
1175 2727 1205 2777 et

109 2829 140 2878 ut
152 2802 221 2878 huic
242 2820 277 2878 ad
297 2820 490 2879 hereditatem
510 2839 595 2878 omne
616 2820 752 2894 eripiatur
773 2821 833 2897 jus,
848 2819 969 2877 dubitari
982 2819 1095 2893 poterit,
1109 2827 1203 2876 utrum

113 2917 266 2978 Catholico
288 2921 372 2979 liceat
391 2920 544 2978 divortium
559 2919 664 2976 vinculi
685 2937 820 2991 quaererc,
835 2937 870 2976 eo
895 2927 1002 2976 tantum
1026 2917 1061 2975 ad
1082 2915 1203 2975 effectus

111 3018 210 3076 civiles
224 3038 320 3077 usuro.
362 3021 394 3077 Si
408 3020 455 3077 lex
470 3019 608 3078 concedat
621 3018 773 3075 divortium
788 3017 906 3085 athoro,
918 3026 1002 3093 prout
1016 3017 1045 3073 in
1059 3017 1203 3094 Pennsyl-

112 3119 205 3186 vania,
232 3117 287 3176 hoc
314 3119 482 3195 plerumque
506 3117 690 3191 quaerendum
716 3120 778 3174 erit.
826 3115 969 3174 Caeterum
996 3117 1026 3174 in
1059 3116 1203 3190 plerisque

113 3216 237 3274 Statibus
253 3216 403 3276 divortium
419 3218 563 3276 avinculo
583 3217 720 3274 duntaxat
740 3215 913 3284 conceditur,
928 3225 957 3273 et
974 3216 1024 3273 ubi
1045 3216 1204 3274 alterutrius

112 3317 190 3392 optio
213 3315 305 3384 datur,
320 3317 375 3375 hoc
396 3318 455 3375 fere
478 3336 592 3392 semper
612 3316 734 3392 eligitur,
757 3315 833 3388 quod
856 3318 939 3374 unice
963 3315 1081 3373 habetur
1101 3315 1203 3375 efficax

112 3427 212 3475 contra
224 3416 330 3475 alienas
352 3418 498 3475 molestias
518 3416 697 3493 repagulum.
740 3416 862 3474 Videtur
875 3417 960 3474 licere
979 3415 1049 3474 illud
1063 3431 1159 3493 petere
1174 3417 1204 3474 in

112 3515 288 3590 gravissimis
309 3516 476 3587 quibusdam
498 3535 592 3574 rerum
615 3515 768 3593 adjunctis,
784 3516 819 3573 ad
840 3518 984 3593 propriam
1006 3517 1203 3574 securitatem:

111 3632 167 3672 non
183 3615 261 3672 enim
276 3615 394 3692 probare
408 3625 540 3674 censetur
558 3616 703 3690 potestatis
716 3617 808 3672 civilis
823 3617 989 3673 exercitium
1003 3616 1032 3672 in
1047 3615 1202 3681 vinculum,

112 3822 246 3890 suppetat
257 3815 337 3882 ratic,
353 3834 411 3872 non
425 3814 509 3872 debet
525 3815 580 3871 hoc
593 3814 632 3870 uti
647 3811 787 3868 subsidio.

153 3916 222 3970 113.
245 3913 347 3971 Utrum
357 3914 538 3990 jurisperitus
554 3911 721 3968 Catholicus
735 3910 827 3985 possit
840 3926 955 3983 operam
970 3915 1102 3981 praestare
1113 3907 1138 3964 ei
1154 3907 1204 3978 qui

111 4009 182 4089 legis
210 4004 349 4070 beneficio
372 4013 407 4070 ad
430 4032 518 4070 novas
541 4011 657 4069 transire
683 4009 796 4084 nuptias
823 4007 932 4080 quaerit,
954 4004 1075 4063 dubitari
1094 4013 1199 4081 potest.

112 4109 257 4184 Equidem
277 4119 388 4170 constat
404 4111 445 4171 nil
464 4110 623 4170 faciendum
646 4109 742 4168 animo
760 4107 847 4165 alium
867 4103 1019 4182 adjuvandi
1032 4111 1063 4161 ut
1082 4122 1202 4180 pravum

112 4220 268 4284 exequatur
288 4211 455 4270 consilium:
478 4210 528 4268 sed
548 4207 660 4283 quoties
683 4207 762 4265 adest
786 4205 899 4265 divortii
919 4223 934 4260 a
952 4203 1034 4262 thoro
1056 4201 1201 4276 quaerendi

112 4310 204 4387 gravis
230 4329 325 4380 causa,
339 4309 451 4369 videtur
469 4311 556 4369 licere
575 4327 691 4386 operam
714 4315 846 4384 prestare
867 4305 933 4383 jure
946 4321 999 4362 suo
1023 4303 1123 4372 utenti,
1136 4302 1205 4361 licet
