2640 4860
391 383 592 444 OANONES
613 384 922 446 POENITENTIAE.
1141 393 1200 448 249

111 569 197 623 aqua,
212 569 264 627 per
286 568 391 608 annum
411 570 427 608 a
443 570 524 610 sacra
543 551 757 612 communione
776 564 961 631 segregatus:
983 554 1019 613 ad
1038 553 1201 614 charitatem

110 668 181 708 vero
193 650 324 708 celeriter
336 648 440 708 redeat.

152 748 185 806 Si
201 751 266 821 quis
280 767 332 826 per
351 749 485 824 capillum
506 749 572 817 Dei,
587 758 634 808 aut
653 769 705 827 per
724 759 809 826 caput
827 752 890 828 ejus
906 751 1052 828 juraverit,
1065 753 1091 810 si
1110 753 1202 810 semel

112 849 247 906 nesciens
273 849 383 916 iecerit,
405 849 543 924 poenitens
571 867 645 922 aqua
671 859 700 907 ct
725 867 798 925 pane
825 860 935 927 septem
957 850 1018 909 dies
1039 851 1156 919 victitet,
1178 853 1204 909 si

113 947 241 1005 secundo
255 967 287 1005 ac
300 947 382 1005 tertio
395 947 520 1005 monitus
534 947 610 1006 idem
624 947 732 1016 fecerit,
746 949 808 1006 dics
823 949 1000 1021 quindecim.

151 1046 184 1102 Si
203 1065 254 1122 per
272 1047 384 1114 caelum,
403 1055 450 1104 aut
467 1066 520 1123 per
536 1048 619 1105 aliam
633 1047 756 1121 aliquam
777 1058 944 1117 creatarum,
959 1049 1020 1107 dies
1037 1049 1105 1106 item
1120 1049 1200 1121 quin·

112 1145 218 1202 decim.

152 1245 186 1301 Si
209 1245 275 1317 quis
297 1243 486 1319 blasphemat,
508 1245 606 1303 tandiu
627 1247 768 1321 poenitens
790 1248 853 1315 erit,
876 1246 1001 1320 quandiu
1018 1247 1200 1322 impoenitens

112 1344 278 1419 permansit.

152 1443 186 1500 si
213 1444 278 1516 quis
311 1441 419 1510 Deum,
446 1444 491 1501 vel
523 1445 635 1501 beatam
668 1445 790 1502 Mariam
816 1445 979 1523 Virginem,
1006 1445 1052 1503 vel
1078 1444 1201 1516 aliquem

113 1542 250 1600 Sanctum
272 1541 386 1618 publice
408 1541 658 1618 blasphemaverit,
674 1563 726 1619 pro
746 1543 853 1602 foribus
875 1545 1015 1603 Ecclesiae
1029 1544 1128 1602 diebus
1142 1541 1202 1600 Do·

111 1642 226 1700 minicis
237 1650 348 1717 septem
357 1642 387 1699 in
402 1641 565 1710 manifesto,
576 1641 644 1700 dum
659 1644 817 1701 Missarum
827 1644 968 1702 solemnia
981 1654 1111 1719 aguntur,
1123 1651 1195 1699 stet:

113 1741 272 1813 ultimoque
286 1759 322 1798 cx
342 1740 398 1797 illis
419 1739 465 1800 die
487 1743 549 1800 sine
569 1742 656 1817 pallio
676 1752 706 1799 et
725 1742 932 1811 calceamentis,
947 1743 1051 1819 ligetur
1070 1741 1198 1819 corrigiis

112 1841 190 1898 circa
203 1840 307 1898 collum
318 1859 326 1908 ;
348 1849 517 1917 septemque
526 1840 750 1922 praecedentibus
760 1840 837 1898 seriis
848 1843 937 1900 sextis
950 1843 980 1900 in
994 1860 1078 1917 pane,
1089 1851 1118 1898 et
1129 1859 1202 1914 aqua

108 1941 232 2017 jejunet,
247 1940 398 1998 ecclesiam
420 1941 499 1998 nullo
514 1939 601 1999 modo
615 1950 680 1998 tunc
700 1942 891 2017 ingressurus.
933 1941 1119 2017 singulisque
1133 1942 1201 1999 item

112 2049 224 2115 septem
244 2038 300 2096 illis
322 2038 423 2097 diebus
444 2039 618 2108 Dominicis,
632 2049 689 2096 tres
709 2050 757 2097 aut
776 2038 858 2109 duos,
873 2050 920 2097 aut
939 2059 1027 2098 unum
1048 2056 1202 2117 pauperem

112 2148 220 2215 pascat,
232 2139 256 2194 si
267 2146 369 2214 potest,
379 2139 506 2212 alioquin
515 2140 744 2216 aliapoeniteutia
753 2138 900 2207 afficiatur,
914 2158 1046 2198 recusans
1060 2139 1202 2198 Ecclesiae

110 2240 243 2314 ingressu
256 2237 459 2307 interdicatur;
482 2240 512 2297 in
526 2240 605 2297 obitu
625 2239 817 2296 ecclesiastica
831 2250 923 2297 careat
940 2239 1100 2317 sepultura;
1122 2239 1201 2297 dives

109 2358 127 2396 a
147 2339 313 2414 magistratu
334 2339 486 2396 mulctetur
505 2356 592 2415 poena
609 2338 764 2396 solidorum
786 2339 980 2416 quadraginta,
1004 2338 1130 2412 alioquin
1155 2337 1201 2396 tri·

110 2438 199 2514 ginta,
214 2455 266 2494 seu
279 2437 389 2514 viginti.

113 2652 251 2712 canones
266 2660 432 2732 spectantes
447 2661 572 2733 peccota
586 2660 690 2713 centra
703 2653 827 2711 tertium
848 2651 997 2730 Decologi
1007 2657 1200 2730 preceptum.

151 2822 209 2890 Qui
224 2843 296 2900 opus
311 2824 426 2898 aliquod
440 2824 540 2883 servile
552 2824 597 2882 die
611 2824 766 2882 Dominico
781 2823 926 2896 Festoque
941 2822 1048 2890 lecerit,
1062 2823 1201 2898 poeniten·

109 2925 178 2981 tiam
192 2933 256 2999 aget
269 2933 324 2981 tres
338 2926 368 2982 in
382 2923 442 2981 dies
457 2942 531 3002 pane
544 2935 573 2982 et
585 2943 668 2997 aqua.

151 3024 212 3089 Qui
226 3023 273 3080 die
293 3023 449 3082 Dominico
463 3042 535 3099 opus
556 3034 698 3081 terrenum
719 3021 837 3079 iecerit.
855 3061 862 3078 .
879 3063 886 3078 .
901 3019 962 3077 dies
982 3029 1092 3096 septem
1112 3020 1201 3095 poeui·

93 3153 95 3155 ·
112 3124 231 3182 tentiam
245 3132 319 3199 aget.

151 3222 184 3278 Si
196 3223 261 3295 quis
271 3232 335 3279 ante
344 3222 491 3290 ecclesias,
502 3221 548 3279 vel
555 3219 599 3277 die
608 3220 679 3278 sesto
687 3220 850 3277 saltationes
858 3218 965 3285 fecerit,
974 3216 1201 3276 emendationem

110 3321 267 3398 pollicitus,
282 3322 475 3397 poenitentiam
491 3329 556 3398 aget
568 3321 649 3378 annis
666 3321 766 3378 tribus.

151 3420 185 3477 Si
199 3421 263 3493 quis
285 3403 394 3478 sacram
415 3420 647 3478 communionem
669 3419 824 3495 sumpserit
837 3426 903 3494 post
921 3417 1046 3491 aliquam
1060 3416 1105 3475 vel
1120 3417 1203 3474 mini·

115 3539 191 3578 mam
205 3519 443 3595 degustationem,
458 3519 651 3596 poenitentiam
665 3529 729 3597 aget
742 3518 804 3576 dies
817 3517 917 3575 decem
931 3517 960 3575 in
974 3536 1048 3594 pane
1060 3526 1087 3573 et
1100 3535 1182 3589 aqua.

151 3619 185 3677 Si
207 3618 272 3691 quis
287 3619 316 3676 iu
337 3619 457 3677 ecclesia
479 3618 685 3687 confabuletur,
700 3638 765 3677 cum
784 3616 879 3674 divina
901 3615 982 3684 fiunt,
997 3616 1137 3693 poenitens
1151 3614 1204 3671 erit

112 3717 174 3776 dies
189 3718 290 3775 decem
304 3719 334 3775 in
348 3737 422 3794 pane
436 3727 463 3775 ct
477 3737 559 3791 aqua.

150 3817 184 3875 Si
199 3819 264 3890 quis
281 3818 392 3894 jejunia
406 3837 422 3873 a
443 3817 547 3875 Sancta
564 3816 699 3874 Ecclesia
718 3814 824 3873 indicta
837 3810 993 3877 violaverit,
1008 3808 1202 3886 poenitentiam

113 3926 180 3994 aget
194 3917 256 3974 dies
270 3917 370 3992 viginti
384 3917 413 3974 iu
426 3935 509 3992 pane,
524 3925 551 3973 et
563 3934 647 3988 aqua.

150 4016 186 4074 Iu
212 4014 439 4093 quadragesima,
461 4034 544 4073 carne
570 4016 632 4072 sine
655 4010 811 4071 inevitabili
830 4005 999 4067 necessitate
1020 4021 1149 4072 vescens,
1171 4004 1202 4062 iu

110 4115 225 4174 Pascha
240 4133 299 4174 non
312 4115 512 4181 communicet,
527 4123 555 4172 at
567 4121 703 4190 praeterea
713 4131 729 4168 a
738 4127 823 4167 carne
837 4105 984 4164 abstineat.

150 4215 209 4281 Qui
222 4215 253 4273 in
267 4213 483 4290 quadragesima
491 4214 635 4292 jejunium
646 4209 800 4275 violaverit,
815 4224 867 4284 pro
876 4223 933 4262 uno
947 4203 993 4262 die
1006 4201 1201 4280 penitentiam

110 4324 175 4392 aget
187 4312 249 4373 dies
263 4321 384 4389 septem.
