2640 4860
315 373 372 434 DE
393 373 710 434 IMPEDlMENTlS
731 375 1005 437 MATRIMONII.
1143 382 1202 438 357

115 535 202 598 sit.”¹
243 540 308 598 ntia
321 550 365 598 est
377 543 542 618 impotentia
564 539 702 600 absoluto
722 543 812 616 qualis
836 553 880 602 est
901 543 963 621 ejus
986 543 1112 616 quicum
1126 543 1204 603 nulla

115 638 194 696 coire
216 641 308 715 possit
327 641 413 699 modo
436 642 610 719 generationi
631 651 707 718 apto,
730 643 769 699 uti
793 643 931 718 contingit
952 643 1062 701 homini
1084 652 1202 715 utroque

117 739 250 796 testiculo
275 741 392 807 carenti,
417 741 464 798 vel
497 749 646 813 utrumque
672 740 787 799 habenti
806 752 977 799 contusum:
1011 742 1067 799 alia
1100 740 1203 800 dicitur

114 832 253 903 relativa,
268 857 331 910 quae
346 847 390 896 est
402 840 569 916 impotentia
589 839 711 897 coeundi
726 860 790 898 cum
805 840 937 912 quadam,
952 859 1015 913 quae
1035 859 1073 898 ex
1087 840 1202 899 diversa

116 952 218 993 vasum
233 937 425 1014 magnitudine
438 939 606 1015 plerumque
620 939 716 996 oritur.
737 939 802 997 Alia
814 950 857 997 est
866 946 1011 1018 perpetuo
1026 957 1088 1013 quae
1102 941 1203 1013 nequit

117 1034 179 1092 tolli
194 1035 301 1107 absque
315 1037 460 1106 miraculo,
485 1038 530 1094 vel
553 1046 679 1114 peccato,
701 1035 747 1095 'vel
767 1038 830 1095 vitae
852 1040 930 1115 gravi
945 1038 1125 1096 discrimine:
1148 1039 1204 1096 alia

116 1131 158 1190 ad
170 1139 287 1212 tempus
311 1135 400 1202 durat,
424 1137 515 1208 qualis
536 1149 578 1193 est
595 1138 753 1213 juniorum,
769 1138 814 1194 vel
834 1138 934 1196 morbo
948 1137 1070 1209 quodam
1083 1137 1204 1214 impedi·

115 1239 220 1289 torum.
261 1234 327 1290 Alia
346 1235 486 1292 antecedit
511 1236 732 1304 matrimonium,
760 1236 852 1308 qualis
874 1248 918 1294 est
943 1238 1138 1295 eunuchorum
1165 1254 1202 1294 ex
1286 1228 1289 1238 ’

114 1331 212 1387 matris
227 1341 324 1391 utero:
347 1333 401 1389 alia
413 1335 602 1405 subsequitur,
624 1335 715 1407 qualis
736 1344 779 1392 est
799 1354 897 1393 eorum
918 1336 967 1407 qui
990 1336 1024 1393 ab
1037 1336 1202 1393 hominibus

115 1432 222 1487 exsecti
238 1441 303 1489 sunt
316 1433 558 1509 post‚conjugium
571 1433 604 1490 ad
620 1433 810 1491 ulciscendam
824 1435 970 1511 injuriam,
985 1435 1029 1492 vel
1043 1435 1203 1507 quibuslue

114 1546 237 1587 venerea
258 1540 286 1587 et
306 1532 367 1588 tabe
385 1532 475 1589 virilia
495 1550 595 1608 peresa
615 1541 689 1590 sunt.
732 1533 780 1590 Ex
801 1544 904 1591 naturae
925 1534 1011 1610 igitur
1030 1533 1202 1602 conditione,

115 1628 226 1696 morbo,
242 1631 270 1686 vi
284 1630 369 1697 illata,
393 1639 420 1687 et
440 1650 506 1688 casu
527 1631 658 1688 homines
680 1632 793 1703 quidam
815 1633 985 1708 impotentes
1006 1642 1087 1690 sunt:
1110 1633 1203 1690 sedet

115 1727 196 1784 malis
212 1729 390 1799 quorundam
405 1730 519 1797 artibus,
540 1730 714 1788 daemoniaca
728 1731 865 1788 utentium
880 1750 976 1807 opera,
992 1730 1204 1808 adscripserunt

114 1835 224 1883 veteres
239 1846 301 1885 eam
316 1847 466 1904 corpomm
480 1829 682 1887 conditionem.

152 1929 223 1984 201.
246 1927 423 1985 Maleficium
443 1927 497 1984 hac
517 1929 546 1985 in
566 1947 596 1985 re
617 1928 719 1986 dicitur
743 1947 787 1985 ars
808 1928 981 1987 daemoniaca
1000 1948 1056 2002 qua
1069 1929 1202 1988 homines

114 2025 163 2097 qui
178 2035 278 2083 natura
288 2036 354 2084 suut
366 2046 483 2102 capaces
495 2028 596 2095 coitus,
609 2029 779 2104 impotentes
790 2028 871 2095 fiunt,
883 2027 953 2085 adeo
963 2038 994 2086 ut
1007 2029 1083 2086 coire
1096 2046 1203 2100 neque·

114 2132 177 2185 ant:
208 2124 285 2197 quod
311 2126 474 2202 contingere
507 2136 639 2186 censetur
665 2128 709 2185 vel
737 2125 830 2199 quoad
856 2127 1004 2199 quasdam,
1034 2128 1081 2185 vel
1108 2126 1203 2200 quoad

114 2241 227 2281 omnes.
270 2223 390 2282 lrrident
412 2225 540 2301 plerique
570 2225 643 2284 hanc
673 2226 833 2283 daemonum
856 2235 1033 2302 potestatem,
1068 2228 1143 2284 sicut
1174 2235 1203 2284 et

115 2322 200 2381 olim.
244 2323 398 2389 “Quidam
418 2324 559 2392 dixemnt,
582 2325 658 2398 quod
679 2326 851 2383 maleficium
865 2326 937 2385 nihil
958 2335 1018 2384 erat
1037 2327 1066 2383 in
1086 2325 1204 2394 mundo,

113 2421 170 2479 nisi
183 2422 212 2477 in
227 2424 413 2481 aestimatione
427 2423 585 2492 hominum,
601 2425 649 2496 qui
663 2425 780 2482 effectus
795 2425 947 2493 naturales,
968 2444 1090 2498 quorum
1110 2443 1202 2485 causes

114 2529 179 2578 sunt
193 2521 321 2590 occultae,
336 2523 484 2581 maleficiis
498 2524 682 2599 imputabant.
717 2523 776 2581 Sed
790 2523 845 2580 hoc
859 2532 902 2579 est
914 2533 1011 2581 contra
1024 2525 1202 2585 auctoritates

113 2629 292 2679 sanctorum:
322 2623 371 2694 qui
397 2621 495 2680 dicunt
523 2622 599 2695 quod
625 2623 770 2681 daemones
790 2621 895 2678 habent
920 2631 1089 2697 potestatem
1115 2643 1203 2701 supra

113 2744 243 2803 corpora,
267 2735 295 2787 et
316 2747 402 2805 supra
422 2730 652 2806 imaginationem
673 2730 831 2798 hominum,
853 2727 966 2802 quando
980 2749 996 2787 a
1009 2728 1074 2787 Deo
1088 2726 1203 2805 permit·
1263 2710 1273 2729 ⁹

112 2834 226 2883 tuntur:
248 2828 324 2886 unde
338 2847 390 2904 per
403 2847 453 2886 eos
466 2829 588 2887 malefici
602 2831 696 2902 aliqua
710 2831 792 2905 signa
805 2828 896 2885 lacere
910 2838 1039 2904 possunt.
1068 2826 1202 2887 Procedit

128 2934 208 2983 utem
222 2925 283 2984 haec
303 2929 402 3004 opinio
423 2946 460 2985 ex
483 2927 577 2985 radice
598 2930 783 2996 infidelitatis,
805 2927 865 2984 sive
891 2928 1113 2995 incredulitatis;
1135 2927 1201 3000 quia

111 3042 170 3081 non
186 3024 304 3084 credunt
317 3045 382 3084 esse
396 3026 550 3095 daemones,
565 3029 619 3085 nisi
632 3030 662 3085 in
676 3029 861 3085 estimatione
874 3026 953 3104 vulgi
967 3018 1125 3084 tantum.”²
1152 3026 1201 3084 Ex

111 3120 260 3201 maleficio
283 3127 451 3202 impotentia
473 3128 624 3203 provenire
645 3136 784 3194 censetur,
806 3124 919 3197 quando
940 3127 1107 3203 “conjuges
1122 3126 1200 3183 exci-

113 3230 207 3281 tantur
220 3223 254 3280 ad
268 3225 399 3301 copulam
413 3245 478 3283 cum
490 3226 562 3294 aliis,
578 3235 605 3282 et
617 3226 690 3283 inter
702 3244 732 3283 se
747 3224 910 3301 frigescunt,
925 3224 971 3281 vel
984 3245 1000 3282 a
1012 3226 1088 3283 coitu
1102 3225 1202 3282 abhor-

111 3330 185 3389 rent,
212 3321 284 3401 (esto
304 3324 377 3382 alias
400 3344 430 3382 se
451 3322 590 3402 diligant)
613 3335 678 3383 tunc
698 3326 723 3382 si
747 3323 918 3382 maleficium
942 3326 1043 3398 nequit
1056 3325 1115 3382 tolli
1128 3325 1200 3382 intra

114 3420 268 3479 triennium
284 3423 410 3480 remedio
423 3423 560 3491 humano,
582 3443 635 3481 nec
648 3425 833 3490 orationibus,
850 3432 897 3480 aut
916 3425 1096 3494 exorcismis,
1111 3424 1203 3500 impo-

110 3520 200 3578 tentia
213 3532 345 3579 censetur
358 3533 504 3599 perpetua,
519 3534 548 3581 et
560 3524 667 3581 dirimit
680 3517 940 3582 matrimonium.”³

149 3625 224 3677 202.
248 3621 311 3679 “Si
325 3623 494 3698 impotentia
513 3624 643 3698 provenit
664 3642 700 3679 ex
710 3621 904 3701 frigiditate,
927 3631 993 3679 tunc
1007 3620 1120 3694 quando
1135 3640 1201 3678 con·

105 3720 192 3798 juges
207 3719 244 3776 ob
256 3719 330 3777 hanc
343 3740 458 3779 causam
471 3722 587 3779 omnino
601 3719 737 3796 perficere
752 3729 897 3790 nequeunt
910 3720 1041 3794 copulam
1056 3728 1149 3794 aptam
1164 3718 1199 3776 ad

109 3819 337 3896 generationem,
352 3829 417 3897 post
429 3821 634 3896 experientiam
649 3819 771 3886 triennii,
792 3817 901 3875 nullum
923 3826 966 3874 est
978 3817 1198 3878 matrimonium.

111 3917 194 3977 Idem
209 3919 364 3994 procedere
377 3920 611 3977 communissime
635 3919 713 3974 aiunt
732 3916 862 3974 doctores
885 3916 911 3972 si
923 3917 960 3973 ob
973 3916 1090 3974 nimiam
1104 3915 1201 3973 calidi·

106 4024 194 4076 tatem
209 4017 252 4074 vir
271 4036 386 4094 semper
405 4020 527 4077 seminet
547 4028 626 4076 extra
644 4037 706 4085 vas,
727 4026 877 4088 antequam
893 4017 985 4091 possit
998 4011 1199 4092 penetrare.”⁴

145 4244 189 4309 (l)
210 4241 339 4306 Suppliii.
350 4258 374 4307 p.
385 4258 426 4306 qu.
437 4241 579 4292 lviiiarti.
614 4241 688 4310 Reap.
802 4237 1055 4307 (2)1bidem,arti'a
1089 4236 1165 4306 trop.

147 4328 190 4394 (3)
210 4327 237 4378 S.
249 4327 323 4391 Alpli
335 4328 351 4377 l.
362 4343 386 4375 v.
396 4342 422 4376 n.
436 4329 508 4377 loss.
806 4326 848 4392 (4)
867 4323 969 4376 ibidem.
