2640 4860
109 384 169 440 828
306 376 364 437 DE
384 374 706 437 lMPEDlMENTIS
726 374 1010 437 Ma'rutmutttt.

110 546 218 605 nullum
252 545 363 602 obstare
391 541 639 618 impedimentum.
680 541 715 600 ln
740 560 796 600 nna
822 541 948 601 alterave
982 543 1194 620 proclamatione

110 642 276 703 conceditur
288 643 372 701 facile
392 641 567 718 dispensatio
581 641 609 699 in
630 641 834 709 missionibus;
856 641 909 700 sed
923 642 1033 715 absque
1048 661 1083 700 ea
1097 642 1196 718 culpan

110 761 226 821 grauem
240 741 401 801 admitteret
413 743 463 813 qui
477 760 525 798 eas
538 739 706 816 negligeret,
720 740 776 797 uisi
795 741 825 798 in
846 741 884 798 iis
898 760 995 799 rerum
1018 740 1157 819 adjunctis
1174 742 1199 798 in

109 843 216 916 quibus
243 852 342 899 nosset
360 841 531 918 episcopum
558 839 632 896 velle
658 851 690 897 ut
714 849 844 916 pergeret
865 841 929 897 sine
955 858 1058 898 mora:
1080 860 1113 898 v:
1128 860 1159 917 g:
1178 841 1199 897 si

112 939 299 1000 moribundus
314 939 398 997 vellet
411 939 520 1015 prolem
534 939 703 1014 legitimare.
746 938 876 997 Possunt
888 939 1046 1012 aliquando
1060 940 1121 996 lieri
1132 949 1201 996 extra

114 1040 250 1105 Missam,
266 1039 309 1097 uel
323 1038 486 1103 ecclesiam,
499 1038 547 1095 ubi
561 1036 639 1094 sdest
652 1036 776 1096 fidelium
791 1056 962 1106 concursus,
978 1058 1046 1096 nam
1061 1038 1126 1096 finis
1138 1038 1200 1114 legis

114 1150 159 1197 est
184 1150 214 1196 ut
234 1149 382 1196 moneatur
409 1137 531 1214 populus
554 1135 590 1193 ad
616 1135 804 1213 detegendum
830 1136 1050 1213 impedimenta.
1091 1136 1200 1204 Quando

115 1238 216 1316 sponsi
230 1237 265 1295 ad
279 1237 350 1295 duas
371 1237 508 1313 paroecias
522 1236 672 1311 pertinent,
686 1237 715 1293 in
728 1248 846 1308 utraque
859 1236 999 1296 faciende
1019 1246 1089 1294 sunt
1102 1237 1199 1314 procla·

116 1338 267 1396 matioues.
310 1336 419 1394 Diebus
434 1335 513 1393 sestis
527 1334 697 1410 plerumque
718 1334 855 1393 saciendae
869 1347 938 1394 sunt
950 1337 1199 1412 proclamationes:

115 1436 170 1495 sed
188 1434 225 1492 ub
246 1454 356 1508 requam
377 1453 493 1493 causam
514 1435 577 1492 aliis
596 1433 707 1500 diebus,
722 1435 830 1511 populo
851 1434 981 1493 adstante
1001 1436 1136 1513 plurimo,
1149 1434 1202 1492 fieri

117 1545 244 1612 possent.
286 1534 357 1593 Post
370 1535 496 1593 ultimam
511 1533 771 1609 proclamationem,
780 1534 806 1592 si
814 1533 886 1591 nihil
900 1535 1064 1611 objiciatur,
1080 1533 1204 1592 celebrari

117 1644 243 1711 possunt
254 1636 370 1711 nuptiae,
385 1634 469 1691 etiam
484 1632 586 1690 eodem
600 1632 656 1690 die.
690 1633 723 1688 Si
742 1633 814 1690 ultra
827 1631 899 1690 duos
915 1651 1033 1692 menses
1048 1634 1204 1692 differantur

117 1733 236 1808 nuptiis,
252 1733 412 1810 repetendae
426 1744 493 1792 sunt
506 1731 751 1808 proclamationes.

161 1835 230 1888 128.
252 1832 530 1891 Proclamationibus
552 1831 633 1889 sactis
660 1831 708 1901 qui
732 1831 811 1888 novit
828 1830 1071 1907 impedimentum
1092 1830 1204 1904 aliquod,

119 1930 180 1988 sive
194 1928 342 1999 dirimens,
352 1934 415 1989 sive
429 1929 602 2007 impediens,
612 1929 682 1987 illud
695 1928 865 1988 denunciare
874 1940 996 1998 tenetur,
1006 1950 1075 1989 nam
1084 1929 1207 2007 precepti

120 2027 157 2086 ad
170 2030 259 2088 instar
272 2031 353 2097 fiunt,
365 2031 429 2087 etin
440 2048 470 2086 re
482 2029 660 2105 gravissima,
672 2029 719 2087 ubi
731 2031 933 2087 etsacramenti
941 2031 1025 2089 valor
1033 2031 1208 2107 periclitatur,

120 2139 149 2185 et
159 2130 246 2186 tertia
260 2147 390 2204 persona
404 2129 530 2185 interest.
553 2126 633 2185 Hinc
646 2127 696 2198 qui
708 2128 799 2196 novit,
808 2129 891 2185 etiam
905 2129 959 2187 sub
973 2140 1088 2188 secreto
1101 2127 1209 2188 naturali

120 2236 150 2283 et
157 2227 331 2302 juramento,
347 2235 457 2284 tenetur
470 2224 540 2283 illud
553 2226 690 2292 revelare,
701 2245 789 2300 quum
803 2246 861 2286 uon
874 2228 960 2285 liceat
968 2238 1124 2298 secretum,
1133 2229 1208 2286 etiam

120 2324 262 2382 firmatum
287 2325 458 2401 juramento,
483 2342 607 2392 servare,
627 2342 693 2382 cum
727 2327 948 2395 communitatis,
976 2328 1023 2386 vel
1055 2328 1208 2387 innocentis

120 2392 236 2480 damno.
267 2421 432 2481 Praecederc
446 2421 659 2482 denunciatioui
675 2425 793 2483 monitio
807 2425 928 2483 fraterna
941 2435 1066 2502 oportet,
1081 2437 1112 2484 ut
1129 2427 1207 2485 fama

122 2522 295 2590 consulatur,
305 2522 359 2580 nisi
374 2523 532 2599 periculum
545 2523 619 2580 sitin
633 2542 722 2581 mora.
747 2524 849 2590 Quiex
864 2525 971 2582 incerto
984 2544 1099 2584 rumore
1109 2523 1210 2598 aliquid

123 2622 232 2690 didicit,
247 2625 296 2681 vix
310 2631 418 2681 tenetur
431 2621 615 2680 denuntiare:
630 2641 724 2690 secus,
739 2624 764 2680 si
778 2640 815 2680 ex
829 2633 899 2681 teste
914 2624 969 2681 fide
986 2624 1085 2701 digno.
1119 2625 1210 2683 Debet

123 2722 299 2791 denuntiare,
314 2723 363 2796 qui
386 2721 463 2780 certd
483 2725 572 2789 novit,
586 2723 652 2780 licet
674 2723 793 2797 probare
816 2733 947 2796 nequeat,
962 2725 987 2781 si
1008 2725 1117 2798 absque
1137 2722 1210 2802 gravi

124 2823 317 2886 incommodo,
345 2822 391 2879 vel
417 2822 563 2888 scandalo,
587 2820 763 2881 denuntiatio
783 2821 847 2879 fieri
868 2824 971 2898 possit,
999 2823 1068 2896 quia
1095 2824 1210 2882 charitas

123 2920 230 2997 obligat
248 2921 283 2977 ad
304 2920 518 2998 impediendum
545 2920 651 2979 malum
672 2921 803 2991 aliorum,
815 2923 900 2979 etiam
921 2941 986 2980 cum
1011 2924 1149 2982 nonnullo
1170 2924 1210 2979 sui

124 3020 317 3078 incommodo.
359 3022 449 3079 Porro
463 3022 546 3079 unius
561 3019 735 3078 denuntiatio
752 3018 810 3079 lide
824 3021 909 3097 digna
922 3022 990 3078 satis
1012 3033 1057 3081 est
1072 3032 1104 3081 ut
1123 3020 1211 3080 matri·

123 3122 253 3177 monium
277 3120 465 3194 impediatur3
487 3140 574 3194 quum
601 3129 698 3196 agatur
723 3120 759 3177 de
785 3120 901 3178 vitando
932 3121 1036 3179 animae
1062 3113 1210 3198 periculo.l

124 3217 292 3290 Requiritur
306 3228 397 3276 tamen
422 3230 453 3276 ut
466 3222 528 3296 ipse
538 3221 650 3296 juratus
670 3217 793 3295 deponat
812 3239 849 3278 ex
869 3229 945 3277 certa
958 3221 1089 3289 scientia,
1105 3223 1161 3280 nisi
1179 3218 1209 3275 de

124 3315 199 3372 sarna
226 3325 331 3372 tanturn
353 3318 551 3393 impedimenti
571 3319 609 3374 sit
627 3318 813 3377 denuntiatio.
856 3319 889 3376 Si
914 3319 1153 3396 impedimentum
1178 3319 1210 3375 sit

124 3414 377 3487 consanguinitatis
401 3417 445 3472 vel
468 3417 622 3482 affinitatis,
637 3420 705 3475 satis
731 3428 774 3475 est
793 3431 824 3476 ut
843 3418 921 3476 testis
945 3419 1071 3496 deponat
1091 3420 1159 3478 illud
1182 3436 1210 3473 se

124 3509 238 3567 audisse
252 3530 268 3567 a
282 3510 392 3569 duobus
406 3512 462 3570 fide
471 3513 576 3590 dignis,
592 3518 749 3588 prasertim
764 3537 780 3574 a
793 3520 1014 3594 consanguineis
1030 3536 1208 3596 sponsorum.

124 3610 201 3669 Vilis
215 3628 337 3686 persona
357 3630 415 3669 non
429 3611 584 3673 admittitur
597 3613 631 3670 ad
647 3616 816 3685 testandum,
826 3619 882 3676 nisi
897 3619 925 3674 in
940 3619 975 3676 iis
990 3637 1054 3690 quae
1068 3618 1140 3677 adeo
1150 3625 1210 3674 sunt

124 3710 246 3780 occulta,
261 3721 292 3769 ut
305 3713 420 3770 nonnisi
434 3732 485 3788 per
495 3713 578 3770 vilem
589 3732 741 3790 personam
755 3717 868 3792 probari
882 3727 996 3789 queant.

167 3815 233 3868 129.
256 3812 345 3871 Fama
358 3813 554 3890 impedimenti
564 3815 632 3871 satis
642 3823 685 3870 est
695 3814 730 3872 ad
741 3814 954 3890 impediendum
968 3817 1179 3874 matrimonium
1189 3809 1210 3880 ;2

124 3910 182 3968 nisi
202 3911 360 3970 infirmetur
376 3915 538 3990 juramento
559 3915 848 3989 consanguineorum.
891 3915 1116 3974 Probariautem
1131 3915 1212 3973 debet

124 4006 199 4066 fama
213 4029 229 4065 a
238 4011 333 4085 jurato
349 4020 436 4070 teste:
458 4030 511 4070 nec
525 4021 618 4089 potest
633 4013 725 4089 judex
740 4031 776 4070 ex
796 4013 905 4089 privata
924 4014 1007 4072 famae
1028 4015 1128 4072 notitia
1147 4009 1211 4069 illud

125 4103 280 4181 impedire:
302 4113 405 4186 poterit
425 4120 528 4180 autern,
537 4113 623 4190 juxta
636 4112 668 4171 S.
690 4113 883 4189 Alplronsum,
898 4123 925 4170 et
938 4112 1052 4171 debebit
1064 4111 1208 4188 impedire,

227 4314 269 4377 (¹)
289 4313 315 4362 Β·
327 4264 401 4380 AlPh·
414 4320 429 4369 l·
441 4319 472 4368 Vb
484 4335 509 4368 n.
522 4321 579 4367 996·
841 4323 883 4387 (2)
904 4320 1003 4381 Ibidem,
1014 4336 1039 4369 n.
1055 4321 1113 4368 999.
