2640 4860
403 365 459 426 DE
483 363 663 426 OFFICIIS
684 361 930 423 CONJUGUM.
1151 363 1211 420 ³05

550 887 692 948 CAPUT
712 887 767 947 lll.

470 1105 509 1144 DE
531 1105 659 1147 cuncus
678 1105 846 1145 CONJUGUM.

391 1266 417 1339 §.
433 1265 457 1323 1.
499 1265 547 1322 Du
567 1283 695 1323 orrrorrs
709 1284 927 1327 assumemus.

149 1443 199 1497 59.
221 1435 373 1496 Indiuidua
393 1435 456 1493 vitae
477 1434 653 1494 consuetudo
673 1435 812 1494 servanda
825 1447 868 1496 est
880 1439 955 1496 inter
967 1439 1116 1516 conjuges,
1132 1438 1203 1499 adeo

109 1549 141 1598 ut
152 1547 255 1597 neuter
268 1536 379 1604 debeat,
400 1535 488 1593 altero
509 1535 608 1603 invito,
631 1534 777 1593 discedere
799 1556 816 1593 a
838 1537 935 1606 domo,
959 1555 1060 1597 mensa
1082 1549 1110 1596 ct
1131 1549 1202 1598 toro.

112 1639 258 1697 Caetemm
285 1637 377 1714 major
397 1635 512 1693 libertas
533 1635 635 1692 marito
655 1635 836 1711 permittitur,
857 1655 942 1709 quam
969 1639 1063 1704 uxori,
1086 1647 1144 1696 tum
1165 1640 1203 1698 ob

109 1738 291 1815 negotiorum
314 1735 522 1801 necessitatem,
544 1744 603 1791 tum
617 1734 653 1792 ob
673 1753 759 1792 sexus
780 1737 987 1811 praestantiam
1009 1736 1059 1795 sed
1080 1738 1203 1814 graviter

110 1845 211 1914 peccat
237 1835 353 1893 maritus
379 1835 479 1892 uxoris
504 1833 678 1891 consortium
711 1833 858 1903 deserens,
885 1835 929 1894 vel
964 1835 1012 1894 diu
1040 1837 1199 1915 negligens.

110 1937 218 1995 Pecoat
231 1935 355 2013 graviter⁴
373 1935 423 2006 qui
442 1933 537 1991 solum
561 1940 650 1990 mutat
670 1943 785 2002 temere,
807 1935 930 2012 conjuge
950 1933 1094 2004 derelicta,
1117 1955 1203 2010 quam

111 2044 222 2094 tenetur
244 2035 455 2110 quamprimum
482 2049 637 2099 accersere,
665 2041 696 2089 ut
721 2033 835 2109 culpam
862 2042 981 2109 reparet.
1023 2035 1203 2112 Regulariter

111 2144 221 2193 tenetur
241 2153 316 2192 uxor
328 2134 409 2206 sequi
425 2131 600 2191 domicilium
621 2131 685 2199 viri,
706 2131 772 2189 licet
794 2132 864 2192 illud
886 2143 975 2191 mutet
997 2135 1105 2208 absque
1123 2137 1203 2213 justa

111 2253 207 2301 causa,
232 2232 387 2291 dummodo
408 2250 465 2290 non
486 2233 523 2316 sit
544 2231 642 2306 turpis,
665 2231 731 2304 quia
751 2251 817 2290 cum
836 2234 878 2291 vir
898 2241 981 2310 caput
1001 2236 1048 2303 sit,
1070 2235 1133 2312 ejus
1160 2245 1204 2293 est

112 2333 211 2392 sedem
225 2332 341 2409 eligere.
383 2333 511 2390 Tenetur
525 2329 640 2399 idcirco,
656 2331 756 2390 marito
770 2331 798 2388 id
816 2335 958 2410 exigente,
974 2343 1104 2410 parentes
1119 2337 1202 2411 patri-

113 2450 216 2505 amque
231 2431 428 2504 derelinquere
442 2440 471 2487 et
483 2431 512 2488 in
522 2430 638 2506 regione
658 2430 815 2507 longinqua
828 2434 1003 2490 consistere:
1026 2433 1076 2491 sed
1089 2435 1114 2492 si
1128 2434 1204 2493 haud

113 2533 160 2590 diu
189 2531 334 2589 abluturus
356 2533 402 2598 sit,
427 2531 529 2606 poterit
548 2530 611 2606 ejus
631 2530 753 2589 reditum
774 2530 851 2588 domi
873 2541 1041 2607 expectare:
1076 2532 1152 2604 quod
1178 2535 1203 2591 si

113 2639 211 2709 urgeat
231 2631 347 2688 maritus
357 2640 389 2689 ut
402 2647 499 2687 secum
513 2630 566 2687 iter
580 2629 609 2686 in
622 2631 692 2688 mari
706 2638 779 2706 agat,
794 2628 879 2688 debet
890 2630 1094 2706 obtemperare.
1132 2631 1163 2688 N
1165 2649 1202 2690 on

113 2741 222 2789 tenetur
235 2749 302 2788 eum
317 2740 465 2807 vagantem
479 2730 572 2802 sequi,
588 2730 643 2786 uisi
654 2730 791 2805 nupserit,
806 2730 893 2806 probe
907 2730 1022 2788 conscia
1035 2748 1100 2787 eum
1115 2730 1200 2789 vitam

114 2831 217 2888 ducere
244 2831 390 2897 incertam,
411 2848 462 2905 per
481 2828 610 2904 regiones
632 2830 723 2886 varias
746 2830 798 2886 iter
818 2837 957 2906 agentem.
1001 2828 1070 2887 Non
1091 2839 1203 2889 tenetur

114 2949 178 2987 cum
192 2930 327 3006 proximo
341 2930 403 2987 vitm
416 2928 462 2987 vel
476 2928 575 2985 salutis
588 2927 715 3005 periculo
728 2930 755 2986 ei
768 2928 905 2987 comitari.
949 2928 1033 2995 Quod
1047 2928 1072 2985 si
1086 2929 1203 2987 maritus

115 3030 181 3087 velit
194 3030 225 3086 in
238 3026 393 3105 longinqua
405 3047 436 3086 se
450 3027 590 3095 conferre,
604 3028 653 3085 ubi
674 3027 791 3085 deerunt
809 3026 935 3086 subsidia
948 3028 1055 3096 salutis,
1071 3028 1202 3104 precibus

114 3147 179 3186 eum
194 3127 308 3187 flectere
322 3129 424 3204 poterit
436 3145 518 3194 uxor,
533 3126 584 3184 sed
597 3127 646 3184 vix
665 3127 691 3184 ei
711 3126 787 3184 nolle
808 3127 1012 3203 obtemperare,
1034 3147 1099 3185 nam
1121 3129 1202 3187 Deus

114 3247 169 3287 non
194 3227 285 3286 deerit
307 3228 363 3304 piis
384 3229 446 3304 ejus
470 3226 626 3285 conatibus.
669 3227 791 3285 Maritus
818 3226 985 3302 plerumque
1011 3246 1068 3286 non
1095 3237 1204 3288 tenetur
1225 3303 1229 3308 1

114 3345 210 3385 secum
234 3326 336 3384 ducere
350 3344 480 3393 uxorem,
494 3344 559 3382 oum
572 3326 686 3402 magnoi
696 3326 868 3386 ncommodo
882 3335 910 3384 et
923 3329 1073 3402 impensis,
1088 3329 1202 3400 quando

115 3427 294 3504 negotiomm
309 3445 394 3484 causa
407 3425 623 3483 circumcursari
638 3427 797 3504 contigerit.

154 3530 204 3584 60.
228 3526 323 3592 Quum
339 3525 549 3583 matrimonium
570 3523 636 3582 ideo
657 3525 765 3585 ineatur
784 3536 816 3584 ut
835 3527 973 3604 conjuges
987 3545 1043 3584 una
1058 3528 1115 3584 sint
1128 3546 1203 3597 caro,

117 3625 196 3683 valde
220 3643 251 3683 se
273 3626 393 3682 invicem
414 3623 531 3701 diligere
558 3623 678 3682 debent:
703 3633 818 3684 “nemo
844 3627 921 3684 enim
941 3644 1068 3698 unquam
1089 3645 1202 3684 carnem

116 3743 196 3782 suam
221 3724 288 3783 odio
309 3719 456 3781 habuit.''l
496 3724 688 3782 Dilectionem
709 3724 783 3782 hauc
797 3725 897 3782 marito
911 3726 1067 3799 praesertim
1081 3724 1205 3801 injungit

115 3825 284 3900 Apostolus,
309 3822 417 3880 Christi
439 3842 504 3900 erga
527 3824 689 3882 Ecclesiam
712 3821 814 3880 affectu
833 3821 973 3879 benevolo
987 3823 1015 3878 in
1036 3824 1203 3898 exemplum

114 3925 285 4000 proposito:
309 3922 402 3980 “Viri
424 3922 531 4000 diligite
552 3940 658 3981 uxores
671 3929 789 3986 vestras,
813 3921 886 3976 sicut
905 3929 934 3977 et
955 3919 1088 3978 Christus
1103 3919 1205 3978 dilexit

115 4021 291 4090 Ecclesiam,
306 4032 335 4079 et
348 4022 475 4099 seipsum
491 4023 604 4080 tradidit
617 4040 670 4099 pro
684 4011 766 4077 ea.'’²
792 4019 877 4086 Quod
892 4028 983 4077 autem
999 4018 1134 4077 Christus
1148 4021 1203 4077 ait:

115 4121 176 4179 “si
191 4124 257 4195 quis
279 4122 374 4180 veniat
393 4120 428 4178 ad
442 4141 498 4189 me,
513 4130 542 4180 et
554 4140 611 4180 non
626 4120 685 4179 odit
697 4127 805 4196 patrem
819 4135 914 4185 suum,
929 4127 957 4175 et
970 4128 1098 4185 matrem,
1113 4129 1142 4177 et
1154 4138 1206 4177 ux·

323 4325 365 4390 (1)
385 4323 449 4388 Eph.
462 4341 484 4372 v.
497 4327 538 4373 ao.
791 4322 832 4388 (a)
852 4320 951 4379 Ibidem,
963 4323 1003 4370 25.

631 4406 696 4436 0²1*
