2640 4860
120 218 140 263 ἰ
727 230 738 247 ⁸
984 204 990 217 Ι
1015 248 1028 277 v

16 366 26 383 “
122 388 183 445 aaa
400 378 604 441 cauouus
622 378 962 479 trmnrruurrue.q

122 551 209 611 tentia
230 484 414 625 quadragina
436 547 497 605 dies
517 548 547 606 in
567 566 642 624 pane
666 558 695 606 et
719 567 793 622 aqua
811 567 878 608 cum
898 556 1010 625 septem
1029 550 1205 625 sequentibus

124 668 215 709 annis.

162 750 195 806 Si
208 747 273 821 quis
286 763 354 805 cusu
367 744 554 805 homicidium
568 745 674 813 lecerit,
689 747 830 822 prenitens
844 747 897 805 erit
909 746 1099 825 quadraginta
1111 748 1169 807 dies
1181 748 1206 805 in

123 866 195 926 pane
209 856 238 904 et
252 864 343 921 aqum
362 845 559 921 quinquennio
573 843 786 904 communione
795 846 969 923 privabitur3
983 848 1085 907 acibis
1095 848 1207 907 abstine·

121 949 162 1005 bit
174 947 290 1005 arbitrio
303 942 467 1004 sacmdotis.

60 1074 66 1085 =
162 1046 220 1114 Qui
234 1042 400 1113 homicidio,
415 1042 491 1117 quod
505 1052 605 1121 postea
617 1042 722 1102 factum
741 1051 796 1113 est,
816 1045 1004 1114 consenserit,
1019 1046 1207 1123 penitentiam
1248 1030 1251 1036 ’

123 1156 187 1224 aget
200 1144 282 1204 annis
295 1153 424 1221 septem;
440 1153 495 1200 tres
508 1143 539 1201 in
552 1161 625 1218 pane
640 1152 669 1200 et
681 1161 763 1216 aqua.

162 1245 196 1303 Si
209 1245 273 1318 quis
288 1243 412 1316 aliquem
428 1243 625 1311 vulneraverit,
641 1242 687 1300 vel
699 1242 727 1300 ei
739 1241 857 1317 aliquod
867 1244 1029 1302 membrum
1044 1242 1206 1322 praeciderit,

122 1344 319 1422 poeniteutiam
340 1353 405 1421 aget
424 1361 482 1400 uno
502 1360 577 1400 anno
598 1359 649 1418 per
666 1340 810 1419 legitimas
823 1341 927 1410 serias3
949 1344 974 1400 si
987 1343 1108 1402 cicatrix
1122 1343 1206 1420 gravis

122 1456 176 1513 est,
191 1452 219 1502 et
235 1443 411 1501 vulneratum
425 1441 580 1499 deformem
602 1438 705 1511 reddit,
725 1440 911 1518 quadraginta
932 1442 1019 1501 etiam
1041 1441 1105 1501 dies
1124 1441 1207 1520 poeni·

123 1544 193 1602 tebit
205 1545 235 1601 iu
249 1560 322 1619 pane
337 1551 365 1599 et
378 1560 461 1614 aqua.

162 1644 273 1715 Siquis
288 1642 375 1699 ictum
395 1641 527 1718 proximo
546 1638 664 1708 dederit,
685 1657 740 1697 nec
761 1640 901 1709 nocuerit,
922 1639 1008 1700 tridui
1021 1642 1207 1718 poenitentiam

124 1750 188 1818 aget
200 1743 231 1800 in
245 1759 318 1818 pane
332 1750 361 1798 et
374 1758 457 1813 aqua,
472 1739 605 1808 clericus,
617 1740 702 1799 unius
716 1740 783 1797 anni
796 1749 825 1797 et
837 1740 979 1799 mensium
993 1758 1059 1799 sex.

163 1840 196 1898 Si
211 1841 274 1914 quis
288 1840 411 1913 aliquem
426 1839 558 1916 peritam
572 1839 746 1916 percutiens,
767 1837 965 1907 debilitaverit,
983 1838 1082 1899 soluta
1095 1838 1205 1898 medica·

123 1941 212 1998 menti
225 1941 367 2017 impensa,
381 1940 408 1996 si
421 1938 510 1997 laicus
524 1947 578 2006 est,
592 1939 733 2014 poenitens
753 1940 807 1996 erit
819 1924 1009 2015 quadraginin
1019 1938 1083 1997 dies
1098 1940 1205 2014 inpane

122 2050 152 2097 et
177 2058 267 2113 aqua;
295 2039 320 2096 si
345 2037 476 2105 clericus,
503 2036 572 2095 duas
600 2036 849 2114 quadragesimas;
876 2038 901 2095 si
926 2037 1079 2107 diaconus,
1106 2047 1205 2114 septem

123 2138 287 2203 mensibus;
302 2138 327 2193 si
340 2136 503 2212 Presbyter,
517 2155 575 2194 uno
589 2154 674 2195 auno.

163 2237 196 2293 δί
209 2237 274 2308 quis
288 2235 366 2292 sratri
386 2252 448 2301 suo,
470 2252 556 2306 quem
581 2233 682 2303 oderit,
704 2235 880 2294 reconciliari
901 2254 958 2295 non
979 2237 1051 2306 vult,
1076 2235 1204 2295 tandiuin

124 2352 198 2411 pane
212 2343 239 2390 et
252 2353 325 2407 aqua
339 2333 531 2408 prenitentiam
546 2343 610 2410 aget
623 2333 716 2407 quoad
730 2335 939 2393 reconcilietur.

126 2550 261 2610 Oenones
275 2556 439 2629 spectantes
456 2557 578 2631 peecata
593 2557 697 2610 eontra
717 2560 837 2611 sectum
851 2549 1003 2631 Deculogi
1017 2558 1202 2631 preceptum.

163 2723 196 2782 Si
209 2723 298 2782 laicus
320 2722 429 2781 solutus
456 2742 521 2781 cum
542 2722 647 2781 femina
672 2723 763 2780 soluta
783 2722 976 2791 concubuerit,
1001 2725 1142 2800 poenitens
1161 2720 1205 2778 erit

123 2840 212 2881 annos
226 2832 300 2889 tres;
322 2821 352 2879 dt
365 2831 470 2894 quanto
483 2824 598 2898 saepius,
614 2830 690 2879 tanto
705 2823 807 2899 majori
819 2823 987 2898 poenitentia
999 2821 1147 2881 afficietur.

163 2922 246 2980 Uxor
256 2923 316 2979 viro
330 2921 447 2979 conscio
461 2921 609 2988 moechata,
624 2939 660 2978 ne
674 2922 703 2979 in
717 2922 795 2979 obitu
808 2921 923 2994 quidem
938 2922 1204 2984 communicabitur;

122 3023 147 3079 si
172 3021 287 3098 dignam
306 3021 499 3096 poenitentiam
521 3022 621 3098 egerit,
648 3029 715 3097 post
733 3019 832 3079 decem
853 3040 944 3080 annos
963 3039 1075 3080 sacram
1088 3037 1205 3080 commu·

124 3122 238 3179 nionem
252 3126 356 3178 sumet.

162 3220 195 3277 Si
208 3220 272 3292 quis
285 3236 406 3277 uxorem
419 3218 562 3277 nolentem
582 3218 750 3277 adulterium
771 3229 944 3296 perpetrare,
964 3221 1103 3297 coegerit,
1122 3216 1204 3297 poeni·

122 3318 238 3375 tentiam
252 3326 316 3392 aget
335 3315 396 3373 dies
411 3317 595 3394 quadraginta
615 3318 645 3378 in
665 3338 739 3395 pane
753 3329 782 3376 et
795 3338 879 3392 aqua,
901 3328 930 3376 et
949 3328 1063 3397 septem
1078 3327 1204 3396 preterea

123 3434 223 3482 annos,
237 3433 253 3472 e
267 3414 369 3487 quibus
383 3434 472 3473 unum
487 3418 515 3474 in
529 3436 602 3493 pane
617 3421 686 3477 item
701 3428 729 3476 et
743 3437 826 3491 aqua.

161 3514 215 3572 Vir
228 3513 347 3579 solutus,
361 3514 386 3570 si
400 3533 465 3572 cum
479 3517 591 3574 alterius
611 3536 701 3576 uxore
722 3517 889 3576 adulterium
912 3518 1100 3585 commiserit,
1122 3514 1204 3593 poeni·

121 3615 238 3675 tentiam
248 3623 312 3690 aget
324 3631 414 3671 annos
428 3624 549 3691 septem,
564 3616 666 3675 mulier
678 3617 815 3690 quinque.

161 3715 271 3774 Mulier
283 3714 375 3771 soluta
388 3733 453 3772 cum
468 3715 581 3774 alterius
602 3717 702 3775 marito
722 3715 890 3774 adulterium
903 3724 1029 3792 patrans,
1044 3714 1204 3792 poenitentis

122 3815 260 3874 afficietur
272 3814 431 3873 decennali.

161 3916 194 3973 Si
214 3915 277 3989 quis
298 3915 415 3972 maritus
435 3913 525 3972 semel
546 3914 643 3991 lapsus
663 3923 716 3982 est,
739 3915 934 3989 poenitentiam
949 3923 1015 3991 aget
1026 3932 1118 3972 annos
1132 3913 1204 3986 quin·

121 4033 196 4088 que:
211 4015 236 4072 si
250 4015 355 4091 saepius
368 4014 526 4074 moechatus
551 4022 604 4082 est,
624 4016 654 4073 in
668 4015 725 4072 fine
739 4014 803 4071 vitae
817 4024 861 4071 est
873 4012 1089 4073 conveniendus
1101 4033 1109 4081 3
1130 4013 1203 4083 sique

121 4113 255 4190 promisit
268 4131 299 4170 se
312 4122 497 4180 cessaturum,
512 4113 624 4172 dabitur
637 4114 665 4172 ei
677 4113 854 4173 communio.

128 4194 136 4210 ⁹
161 4211 194 4268 Si
220 4211 286 4285 quis
311 4230 432 4271 uxorem
458 4212 545 4271 simul
570 4223 598 4271 et
623 4213 810 4272 concubinam
830 4211 969 4280 habuerit,
997 4205 1203 4287 peniteas-erit

123 4308 307 4386 quadraginta
320 4309 391 4368 dies.
