2640 4860
110 384 171 447 826
504 376 562 439 DE
583 375 802 439 DIVORTIO.

151 557 218 611 123.
239 549 344 609 Mutuo
365 564 509 606 consensu
522 545 560 604 ob
573 544 757 620 perfectionis
771 545 899 605 studium
914 547 985 605 lieet
998 546 1154 624 conjugibus
1168 563 1181 600 a

109 651 182 710 thori
204 648 409 707 communione
422 663 453 705 se
466 662 609 723 separare,
624 663 690 702 natu
711 662 820 703 merces
839 646 964 705 caelestis
985 665 1104 704 uxorem
1120 649 1184 705 relin-

108 752 206 824 quenti
227 758 343 824 propter
372 746 521 805 Christum
544 745 687 820 promissa
718 737 794 801 est:¹
830 755 859 803 et
884 746 1046 822 Apostolus
1070 748 1185 804 orationis

108 870 196 911 eausa
209 848 348 926 permittit
366 856 397 904 nt
409 865 427 902 a
446 844 591 904 consuetis
611 842 714 901 officiis
730 841 916 903 abstineant.²
948 845 1096 904 Ceterum
1114 847 1188 904 neutri

110 950 282 1028 permittitur
295 945 463 1023 religionem
477 943 614 1021 profiteri,
628 943 685 1001 nisi
698 943 767 1000 alter
780 962 894 1017 qnoque
905 945 1090 1020 profiteatur3
1103 945 1190 1004 sufficit

111 1062 206 1109 tarnen
229 1056 261 1105 ut
285 1056 382 1104 votum
408 1053 554 1120 nuncupet
573 1042 698 1118 simplex
719 1061 792 1101 uxor
811 1062 874 1116 quar
900 1045 970 1102 “ita
996 1063 1088 1103 senex
1110 1056 1190 1103 estet

111 1148 217 1207 sterilis
227 1143 305 1218 quod
317 1147 381 1203 sine
394 1144 557 1219 suspicione
569 1142 661 1218 possit
671 1159 735 1199 esse
749 1143 779 1200 in
792 1134 946 1201 saculo.”³
981 1144 1024 1203 Ut
1036 1146 1080 1203 vir
1093 1144 1190 1202 ordines

111 1266 208 1306 sacros
222 1244 371 1320 suscipiat,
384 1260 459 1300 uxor
472 1242 557 1300 debet
570 1242 794 1300 “continentiam
810 1242 936 1319 profiteri
947 1240 996 1309 3⁹⁹⁴
1010 1243 1088 1316 quod
1096 1242 1130 1302 de
1137 1253 1190 1302 voto

111 1348 141 1406 in
155 1344 260 1405 seculo
274 1344 379 1400 emisso
392 1342 518 1418 explicat
528 1340 560 1397 S.
573 1339 758 1416 Alphonsns:
773 1341 825 1400 sed
832 1341 867 1399 de
881 1341 1064 1417 professione
1074 1344 1192 1420 religiosa

112 1441 329 1523 intelligendum
343 1440 487 1499 existimat
506 1440 682 1500 Benedictus
695 1436 795 1499 xlv!
836 1441 869 1498 Si
888 1460 964 1500 uxor
988 1442 1120 1501 adulterii
1138 1459 1191 1501 nos·

112 1554 190 1602 eatur
210 1562 267 1610 rea,
281 1542 348 1600 licet
367 1541 479 1608 marito,
495 1541 585 1617 ipsius
608 1559 753 1598 consensu
773 1539 850 1599 haud
871 1541 1024 1613 requisito,
1038 1543 1192 1619 religionem

113 1644 251 1719 profiteri,
266 1659 331 1699 nani
346 1641 476 1716 ingresso
489 1639 613 1713 quodam
627 1640 841 1708 monasterium,
856 1658 1007 1712 uxoreque
1030 1652 1160 1714 querente
1170 1639 1193 1698 id

111 1742 216 1800 sactum
230 1759 295 1800 esse
308 1758 340 1798 se
350 1740 449 1806 iuvita,
460 1741 548 1819 jussit
561 1739 697 1798 Pontifex
710 1750 742 1798 ut
753 1758 800 1796 ros
812 1738 966 1817 diligenter
979 1741 1192 1820 investigaretur,

112 1851 142 1899 et
159 1850 307 1917 cogeretur
332 1838 421 1898 horno
444 1839 480 1897 ad
505 1856 627 1898 uxorem
652 1838 754 1906 redire,
768 1838 824 1896 nisi
844 1839 1075 1900 “seminationis
1100 1842 1194 1899 crimen

113 1939 241 2018 (propter
263 1937 342 2012 quod
362 1941 424 1998 viro
449 1940 518 1997 licet
534 1938 676 1996 dimittere
702 1934 835 2016 uxorem)
863 1938 1031 2014 praedictam
1058 1942 1193 1999 mulierem

113 2026 347 2097 commississe'’⁶
360 2048 510 2096 constaret
542 2037 691 2110 Plerisque
705 2037 848 2114 theologis
857 2039 951 2096 visum
965 2041 1053 2100 etiam
1067 2050 1111 2097 est
1123 2041 1194 2098 licere

113 2139 185 2205 viro,
200 2139 281 2215 eujus
294 2154 369 2194 uxor
381 2136 418 2194 ob
439 2135 608 2195 adulterium
625 2137 734 2215 judicis
757 2139 897 2196 sententia
910 2137 1033 2197 dimissa
1047 2149 1102 2208 est,
1113 2156 1194 2196 sacros

113 2237 258 2311 suscipere
272 2235 395 2301 ordines,
410 2253 498 2307 quum
512 2236 575 2311 ipsa
588 2236 637 2311 jus
651 2256 738 2296 omne
751 2238 781 2296 in
794 2255 860 2295 eum
874 2255 928 2294 suo
939 2238 1047 2297 delicto
1057 2228 1196 2298 amiserin⁷

115 2333 167 2391 sed
181 2335 213 2390 S.
229 2333 325 2410 Cong.
357 2332 555 2405 Inquisitionis
568 2335 598 2391 in
612 2353 680 2393 casu
694 2337 812 2414 speciali
825 2337 937 2395 censuit
955 2337 1130 2397 monendam
1142 2353 1196 2394 esse

113 2434 193 2510 prius
207 2431 371 2496 adulteram,
386 2451 449 2506 quar
463 2433 548 2491 etiam
562 2435 704 2493 secundas
721 2436 834 2513 nuptias
847 2445 1040 2505 attentaverat,
1052 2447 1082 2496 et
1094 2435 1197 2495 nonnisi

114 2534 177 2609 ipsa
190 2534 369 2610 pertinaciter
389 2544 587 2609 perseverante
603 2535 720 2593 ulterius
743 2528 980 2612 procedendum.8
1010 2536 1090 2595 Reus
1110 2535 1197 2607 nequit

113 2635 283 2712 religionem
297 2632 433 2709 profiteri,
448 2633 504 2691 nisi
517 2652 555 2691 ex
568 2636 652 2692 venia
664 2636 834 2701 innocentis,
848 2635 901 2692 sed
921 2645 988 2712 post
1001 2637 1146 2694 biennium
1153 2635 1196 2709 jus

113 2735 228 2810 supplet
241 2751 425 2799 consensum,
439 2732 557 2791 habetur
570 2735 648 2791 enim
661 2734 748 2792 veluti
763 2734 898 2810 perpetud
914 2725 1080 2793 dimissus.⁹
1120 2730 1195 2800 Quod

113 2833 138 2890 si
165 2834 328 2909 profiteatur
352 2832 529 2909 religionem,
557 2833 602 2891 vel
622 2852 719 2892 sacros
744 2834 882 2909 suscipiat
903 2833 1030 2902 ordines,
1058 2853 1115 2892 non
1141 2831 1195 2889 ideo

113 2935 254 2991 tenebitur
274 2934 412 2990 innocens
426 2941 492 2991 voto
505 2934 688 2991 continentiae
697 2951 729 2990 se
742 2933 848 3010 ligare:
870 2951 984 3005 aequum
999 2934 1078 2992 enim
1092 2939 1195 2992 nonest

113 3041 144 3088 ut
156 3051 229 3090 onus
244 3033 284 3090 illi
298 3033 471 3108 imponatur.

150 3225 193 3290 (1)
213 3228 282 3277 Mitt
294 3227 345 3278 xix.
357 3230 398 3276 29.
671 3231 713 3295 (2)
735 3233 746 3277 1
758 3227 815 3276 Cor.
826 3228 866 3278 vii.
879 3231 903 3276 5.

148 3314 190 3376 (3)
212 3311 273 3374 Cap.
285 3311 316 3360 iv.
329 3311 357 3361 de
369 3327 473 3363 mnoers.
484 3313 584 3380 conjug.
668 3315 711 3379 (4)
730 3314 789 3378 Cap.
802 3329 824 3361 v.
837 3312 866 3364 de
877 3329 983 3364 convers.
995 3318 1059 3384 conj.

147 3396 190 3460 (5)
211 3395 248 3442 De
262 3394 323 3458 Syn.
335 3395 351 3442 l.
363 3395 415 3443 xiii.
427 3412 447 3444 c,
460 3396 502 3444 xii.
514 3413 539 3445 ιι.
556 3398 593 3443 16.
671 3399 713 3464 (6)
733 3398 761 3447 C.
774 3397 906 3458 Agathone,
917 3401 995 3450 xxvii.
1006 3417 1047 3464 qu.
1056 3402 1082 3450 ii.

161 3483 176 3526 7

147 3481 177 3628 {a

179 3480 189 3544 )
209 3478 235 3524 S.
248 3477 323 3541 Alph.
333 3478 348 3525 l.
361 3477 393 3526 vi.
404 3493 430 3526 n.
442 3481 501 3528 969.
666 3484 708 3549 (8)
728 3482 799 3532 Deer.
811 3482 837 3530 S.
850 3482 880 3532 O.
892 3483 984 3548 inquis.
1000 3484 1189 3536 renuntiati.

180 3567 191 3630 )
212 3561 367 3612 Anthentica.
379 3561 422 3610 sed
433 3560 513 3621 hodie,
526 3560 556 3610 O.
564 3562 595 3612 ad
606 3564 622 3612 l.
631 3563 682 3614 Jul.
693 3566 723 3616 de
732 3566 806 3617 adult.
