2640 4860
407 372 465 434 DE
487 371 797 436 OONTRITIONE.
1091 384 1147 441 las

56 556 157 605 nmen
169 550 297 609 nauseat,
308 536 412 615 quidiu
421 539 516 599 differt
525 540 651 602 admissa
659 541 802 611 detestari,
811 552 841 602 et
852 560 889 602 ex
899 544 994 603 animo
1004 542 1040 602 ad
1054 545 1149 607 Deum

56 643 187 704 converti
199 662 206 700 ι
221 658 289 701 nam
303 640 464 731 communis
477 641 541 699 vitae
554 641 682 700 conditio
695 642 822 718 periculo
835 641 910 702 haud
924 653 1013 713 meat,
1028 654 1057 702 et
1075 646 1149 725 inju-

58 744 132 801 riam
151 759 258 800 noram
283 740 388 818 irrogat
406 739 482 807 Deo,
498 741 547 812 qui
572 739 621 799 din
647 740 766 819 negligit
785 743 902 818 gratiam
924 745 987 822 ejus
1010 761 1147 818 quaerere,

58 849 168 900 tantum
181 843 290 901 bonum
303 839 383 917 parvi
395 839 522 898 faciens:
537 848 710 916 quapropter
722 841 846 916 Spiritus
867 841 988 901 Sanctus
1001 843 1147 905 interitum

58 940 87 999 ei
101 941 240 999 intentat:
262 948 282 974 ‘⁶
292 939 362 996 Non
375 937 468 996 tardes
482 939 609 997 converti
617 938 653 996 ad
665 939 834 1007 Dominum,
844 949 873 997 et
885 959 921 998 ne
932 940 1046 1000 differas
1053 942 1089 1002 de
1102 944 1150 1004 dic

58 1041 89 1097 in
103 1038 191 1097 diem.
226 1038 328 1095 Subito
341 1038 417 1096 enim
432 1038 526 1095 veniet
537 1037 579 1095 ira
600 1037 687 1106 illius,
702 1039 771 1097 etin
792 1046 920 1116 tempore
939 1041 1071 1100 vindicte
1092 1042 1149 1102 dis·

60 1135 161 1215 perdet
173 1130 250 1194 te.”¹
268 1135 364 1194 Dilata
376 1137 564 1196 conversione
572 1145 616 1195 est
628 1138 786 1213 periculum
797 1138 827 1196 in
837 1147 983 1214 peccamm
993 1139 1147 1210 relabendi,

59 1254 137 1304 nam,
151 1245 185 1293 ut
203 1234 345 1312 sapienter
367 1245 465 1295 monet
477 1236 509 1293 S.
530 1236 690 1313 Gregorius
710 1237 755 1295 M.
771 1245 947 1313 “peccatum
967 1238 1045 1311 quod
1059 1242 1149 1316 poeni·

60 1335 146 1395 tentia
160 1353 218 1394 non
232 1334 324 1403 diluit,
337 1335 402 1412 ipso
412 1354 465 1395 suo
478 1336 604 1412 pondere
618 1354 687 1396 mox
697 1335 733 1394 ad
745 1336 822 1395 aliud
835 1333 968 1396 trahit.''²
999 1337 1148 1398 Oaeterum

57 1433 131 1495 certd
146 1435 232 1493 statui
244 1435 345 1508 nequit
358 1435 472 1509 quando
493 1437 556 1509 quis
571 1437 637 1495 novi
658 1438 767 1514 peccati
787 1455 856 1496 reus
869 1437 907 1495 sit
926 1436 962 1495 ob
985 1437 1147 1516 neglectum

58 1533 237 1595 contritionis
250 1534 406 1602 eliciendae,
416 1537 509 1608 'quum
523 1536 677 1612 plurimum
690 1535 814 1612 pendeat
826 1553 863 1596 ex
883 1534 979 1596 indole
1002 1547 1030 1595 et
1048 1537 1146 1614 lapsus

58 1632 205 1712 periculo:
226 1652 284 1707 quo
298 1634 374 1692 enim
388 1636 454 1707 quis
467 1635 625 1711 proclivior
633 1642 677 1692 est
689 1635 723 1693 ad
742 1635 865 1712 lapsum,
879 1654 914 1694 eo
927 1637 1018 1713 magis
1037 1645 1148 1695 tenetur

57 1733 224 1810 poenitentia
237 1751 335 1793 cavere
349 1750 385 1791 ne
405 1734 494 1793 cadat.
538 1742 557 1771 ‘⁴
566 1733 662 1792 Put0”
683 1734 775 1806 inquit
791 1735 824 1792 S.
845 1734 1021 1812 Alphonsns‚
1037 1736 1147 1795 “nullo

58 1832 144 1892 modo
155 1833 290 1891 excusari
300 1853 320 1912 *a
332 1833 443 1892 mortali
456 1834 505 1907 qni
518 1833 644 1890 existens
658 1834 688 1891 in
701 1833 811 1891 mortali
824 1851 876 1909 per
893 1833 1018 1894 notabile
1032 1844 1145 1912 tempus

57 1930 184 1991 differret
195 1933 408 2008 poenitentiam:
425 1942 483 1992 tum
491 1933 560 2006 quia
571 1940 702 2008 peccaret
715 1941 812 1990 contra
820 1939 993 2008 praeeeptum
1003 1932 1146 1991 eharitatis

57 2049 124 2110 erga
137 2029 245 2099 Deum,
261 2031 336 2105 quod
350 2031 450 2091 saltem
473 2032 579 2108 pluries
598 2031 628 2090 in
643 2049 717 2089 anno
736 2047 945 2105 quemcumque
958 2031 1149 2109 obstringit-

57 2139 115 2190 tum
129 2132 200 2204 quia
212 2132 332 2208 insuper
344 2139 476 2208 peccaret
488 2139 585 2189 contra
605 2131 769 2189 charitatem
789 2150 857 2208 erga
876 2130 1014 2207 seipsum,
1029 2148 1095 2190 cum
1115 2149 1147 2189 se

58 2239 218 2308 exponeret
236 2231 370 2306 proximo
390 2231 517 2306 periculo
537 2247 674 2289 novarum
693 2231 843 2308 culparum
866 2229 1068 2290 tentationibus
1085 2248 1148 2288 suc·

58 2324 270 2390 cumbendo.”³
310 2330 441 2407 Tempus
455 2339 548 2387 autem
567 2348 605 2388 ex
618 2330 735 2406 speciali
752 2330 902 2408 fragilitate
921 2331 1148 2408 uniuscujusque

58 2429 184 2506 pendere
197 2427 314 2496 indicat,
328 2427 471 2502 rudesque
484 2428 653 2504 plerumque
667 2448 683 2486 a
695 2446 771 2488 novo
784 2438 903 2506 peccato
923 2430 1066 2497 excusari,
1080 2429 1148 2503 quia

58 2531 186 2588 animum
200 2546 259 2586 non
269 2526 459 2587 advertuutad
472 2525 797 2604 obligationemdolendi
808 2527 843 2585 de
850 2527 994 2585 admissis.
1018 2527 1149 2586 Tenetur

58 2637 131 2687 certe
145 2625 183 2685 ad
196 2627 395 2685 contritionem
408 2625 590 2696 eliciendam,
605 2627 654 2701 qni
664 2625 718 2684 sibi
731 2627 864 2683 conscius
877 2626 986 2700 peccati
1006 2624 1142 2691 mortalis,

59 2727 141 2786 debet
161 2734 339 2784 sacramenta
358 2725 528 2793 ministrare,
543 2726 588 2784 vel
608 2726 737 2783 vivorum
758 2731 965 2780 sacramentum
979 2723 1143 2798 suscipere:

58 2830 122 2886 item
137 2826 189 2899 qui
201 2825 301 2898 nequit
320 2825 489 2882 tentationes
503 2842 646 2901 superare,
660 2823 717 2882 nisi
729 2821 897 2881 contritione
911 2820 1065 2879 elicienda:
1080 2821 1149 2880 item

59 2924 172 3000 quando
193 2933 303 2983 tenetur
314 2924 436 2983 caritatis
456 2932 550 2982 actum
570 2923 683 2989 elicere,
697 2941 763 2980 nam
785 2922 810 2980 si
832 2928 982 2996 peccatum
1001 2920 1147 2980 memoriae

60 3032 198 3092 occurrat,
212 3042 279 3082 oum
292 3023 379 3081 animi
393 3022 577 3081 detestatione
591 3030 619 3080 et
631 3021 728 3081 dolore
741 3020 927 3098 rejiciendum
942 3027 995 3076 est.

99 3129 146 3184 17.
169 3122 217 3182 Ad
230 3122 383 3185 venialium
397 3130 578 3199 peccatorum
590 3122 789 3181 remissionem
804 3119 973 3178 contritione
986 3135 1038 3177 seu
1059 3118 1148 3176 animi

60 3222 227 3300 poenitentia
239 3239 312 3299 opus
325 3230 379 3289 est,
393 3239 460 3279 nam
473 3221 536 3300 ipsa
556 3223 627 3281 ratio
641 3219 741 3279 suadet
752 3238 810 3278 non
823 3227 953 3297 oportere
966 3217 1072 3279 dimitti
1083 3235 1148 3294 pec·

60 3332 151 3382 catum
164 3323 192 3380 ei
215 3321 263 3380 cui
282 3339 339 3380 non
354 3320 485 3396 displicet
504 3320 574 3380 illud
596 3320 756 3380 admisisse.
791 3318 869 3378 Hinc
888 3319 1066 3396 Augustinus
1092 3317 1147 3375 ait:

61 3423 153 3481 “Nee
167 3438 341 3495 quemqnam
356 3430 465 3497 putesa
478 3438 659 3494 quocumque
672 3439 724 3479 seu
738 3436 854 3498 magno,
865 3437 916 3478 seu
929 3437 1017 3495 parvo
1030 3426 1150 3496 peccato

60 3519 93 3578 ad
111 3521 321 3580 correctionem
343 3520 405 3578 sine
430 3520 597 3595 poenitentia
617 3539 702 3598 posse
724 3513 894 3578 transire.’'⁴
933 3515 1078 3577 caeterum
1095 3534 1149 3592 pro

61 3620 163 3679 minori
188 3618 285 3677 delicti
310 3619 445 3696 gravitate
464 3617 556 3678 levior
577 3620 666 3679 animi
691 3618 872 3697 displicentia
891 3616 1016 3676 suffieit:
1048 3616 1151 3673 “Non

60 3718 187 3788 tamen,”
200 3718 293 3791 inquit
305 3719 337 3776 S.
352 3717 495 3787 Thomas,
509 3717 615 3777 sufficit
627 3718 778 3778 habitualis
798 3715 977 3794 displicentia
990 3733 1053 3788 quae
1066 3712 1150 3770 habe·

61 3826 104 3876 tur
113 3836 167 3894 per
176 3816 305 3878 habitum
318 3817 474 3886 charitatis,
484 3819 531 3877 vel
544 3819 717 3895 poenitentiae
731 3817 861 3876 virtutis:
884 3812 952 3888 quia
965 3812 1007 3870 sic
1028 3810 1150 3869 charitas

62 3933 119 3975 non
132 3925 342 3995 compateretur
353 3925 503 3994 peecatum
517 3916 637 3987 reniale,
651 3915 728 3990 quod
739 3923 817 3993 patet
835 3930 900 3971 esse
915 3909 1029 3969 falsum.
1064 3908 1150 3967 Unde

62 4016 191 4089 sequitur
204 4015 281 4090 quod
300 4017 460 4090 requiratur
474 4015 605 4090 quaedam
625 4015 753 4077 virtualis
772 4009 975 4090 displicentiae
995 4016 1065 4086 puta
1084 4024 1150 4067 enm

199 4233 400 4302 (1)Eocl.v.8.
673 4233 715 4299 (2)
734 4229 764 4281 L.
775 4245 845 4281 xxm
855 4243 916 4280 mor.
925 4243 978 4297 cap.
986 4227 1021 4281 ix.

197 4318 241 4385 (3)
260 4316 436 4370 L.ri.n.487.
670 4317 712 4383 (4)
731 4315 780 4381 Ep.
791 4313 866 4366 xlviii.
