2640 4860
834 214 907 301 ''f''

177 370 218 427 84
362 363 419 425 DE
440 361 740 423 SUSCEPTIONE
761 362 1077 429 Euonenlsntm.
1133 398 1139 405 ·

179 532 297 610 gratiam
316 528 497 598 conserendi;
524 547 579 587 nec
598 529 701 602 aliquis
722 528 808 588 babet
825 532 943 607 gratim
964 542 1030 590 aute
1056 535 1271 610 susceptionem

178 630 264 706 hujus
287 629 466 696 sacramenti,
480 628 525 685 vel
538 627 593 685 nisi
607 645 644 685 ex
664 629 759 700 aliquo
779 638 846 686 voto
865 630 967 704 ipsius,
986 631 1034 688 vel
1057 650 1111 708 per
1131 633 1269 708 seipsum,

181 729 255 786 sicut
266 726 364 794 adulti,
378 727 424 784 vel
439 735 505 784 voto
518 726 668 792 Ecclesiae,
682 726 755 783 sicut
767 722 926 802 parvuli.”¹

218 829 267 883 41.
288 825 322 883 lu
334 827 433 884 mortis
442 824 598 882 verosimili
607 823 770 882 discrimine
780 833 824 880 est
833 827 991 884 arctissima
1000 826 1137 903 obligatio
1150 828 1271 904 suscipi·

179 923 261 982 ende
282 924 488 982 Eucharistioe:
510 922 636 980 divinum
651 923 758 999 quippe
773 933 945 998 preceptum
958 933 1025 981 tunc
1039 927 1167 983 maxime
1181 935 1270 1003 urget,

178 1040 230 1080 eos
243 1023 398 1099 praesertim
412 1022 461 1095 qui
474 1040 537 1079 eam
551 1038 697 1093 uunquam
716 1031 914 1098 susceperunt,
928 1021 974 1080 vel
987 1023 1017 1079 in
1031 1022 1270 1103 paschate-susci·

179 1139 247 1197 pere
267 1121 463 1198 neglexerunt.
504 1119 547 1177 lta
567 1119 757 1177 communiter
775 1112 927 1196 theologi?
966 1119 1047 1178 Hinc
1067 1123 1117 1194 qui
1131 1141 1226 1199 nuper
1238 1121 1272 1179 ad

178 1217 265 1278 tidem
274 1220 406 1279 conversi
416 1226 491 1284 sunt,
499 1235 556 1276 non
563 1226 629 1275 suut
637 1216 778 1275 ullatenus
787 1218 894 1290 absque
901 1217 956 1277 hoc
963 1220 1128 1278 necessario
1140 1220 1270 1279 subsidio

181 1335 219 1375 ex
232 1321 289 1377 vita
301 1313 471 1382 dimittendi,
484 1333 519 1373 eo
533 1325 671 1391 pretextu
685 1314 762 1388 quod
775 1333 833 1374 nou
847 1317 981 1373 sintsatis
990 1316 1026 1375 de
1040 1325 1117 1376 tauto
1132 1320 1273 1394 mysterio

182 1417 309 1475 instructi
322 1436 328 1473 :
351 1415 462 1472 sienim
476 1412 572 1482 fidem,
585 1415 806 1490 quabaptismus
816 1415 851 1472 iis
864 1415 1017 1472 ministrari
1024 1417 1127 1483 valcat,
1137 1416 1271 1484 babeant,

181 1534 239 1573 una
252 1533 317 1572 cum
331 1513 446 1586 aliquali
460 1513 558 1569 notitia
570 1512 657 1589 hujus
668 1513 847 1581 sacramenti,
857 1522 1031 1590 poterunteo
1041 1515 1156 1573 muniri.
1188 1514 1273 1582 Quod

183 1615 209 1672 si
228 1614 385 1690 baptismus
400 1611 435 1670 iis
449 1608 525 1667 haud
539 1612 607 1669 satis
627 1610 746 1680 edoctis,
760 1613 806 1670 vel
816 1610 902 1669 dubie
915 1611 1072 1691 dispositis,
1086 1615 1273 1683 ministretur,

182 1720 223 1778 ut,
238 1720 377 1783 quatenus
391 1711 452 1768 fieri
467 1711 570 1787 possit,
584 1711 619 1768 iis
633 1711 807 1777 consulatur,
821 1711 919 1782 utique
933 1712 968 1770 ab
982 1710 1166 1771 Eucharistia
1180 1711 1274 1772 danda

183 1810 324 1868 abstinere
337 1810 443 1868 licebit.
486 1808 629 1868 Homines
640 1810 747 1886 ingenii
757 1809 923 1878 hebetioris,
934 1820 961 1867 et
970 1809 1143 1869 conditionis
1151 1811 1272 1879 vilioris,

183 1909 281 1982 quales
290 1918 357 1967 sunt
364 1908 516 1985 mancipia,
525 1926 583 1966 non
591 1918 659 1966 sunt
668 1908 776 1981 absque
784 1909 886 1967 viatico
895 1907 1065 1976 dimittendi,
1073 1928 1162 1982 quum
1173 1920 1204 1968 et
1216 1911 1271 1988 ipsi

182 2017 324 2083 precepto
337 2007 434 2065 divino
448 2016 610 2063 teneantur:
633 2025 731 2064 eorum
749 2008 835 2084 igitur
854 2007 938 2066 saluti
958 2007 1166 2067 consulendum
1180 2018 1226 2067 est
1237 2027 1272 2068 eo

182 2104 344 2180 prebendo,
357 2105 424 2162 licet
443 2103 540 2161 notitia
559 2102 634 2161 baud
655 2102 725 2163 adeo
745 2105 821 2163 clara
840 2107 909 2164 tanti
929 2106 1060 2184 mysterii
1084 2108 1185 2166 imbuti
1206 2109 1273 2176 sint,

182 2198 338 2260 dummodo
348 2202 416 2258 alias
431 2201 633 2277 dispositiones
647 2205 821 2261 necessarias
835 2202 967 2262 habeant.
1009 2205 1111 2263 Pueris
1121 2204 1181 2265 doli
1190 2224 1274 2285 oepe-

182 2297 272 2365 cibns,
282 2299 330 2371 qui
338 2315 401 2354 eam
411 2296 572 2356 discernere
582 2299 684 2367 valent,
696 2301 726 2358 iu
740 2303 839 2359 mortis
854 2286 972 2361 articulo
984 2302 1167 2362 Eucharistis
1178 2294 1275 2364 duda

183 2389 252 2452 sst.⁸
292 2396 506 2464 Peccatoribus,
521 2397 605 2456 etiam
616 2399 864 2474 gravissimis,sub
874 2411 994 2461 mortem
1003 2400 1217 2477 penitentibus,
1230 2413 1275 2460 cst

185 2512 298 2567 quoque
312 2493 473 2572 prebenda,
487 2496 522 2554 iis
536 2494 608 2554 datis
621 2498 786 2572 penitentis
797 2499 884 2557 animi
897 2500 1009 2558 indiciis
1023 2518 1086 2572 quae
1100 2500 1135 2559 ad
1149 2501 1220 2561 abso
1231 2501 1274 2559 lu-

184 2595 292 2653 tioncm
302 2596 336 2653 iis
348 2594 563 2670 impertiendam
578 2596 606 2653 iu
620 2604 697 2654 tauto
710 2594 873 2655 discrimine
887 2597 1048 2656 sufficiunt:
1063 2617 1129 2657 nam
1140 2599 1275 2658 Ecclesia

185 2695 245 2752 vult
261 2695 406 2753 neminem
425 2693 546 2752 fraudari
566 2702 643 2753 tanto
661 2694 800 2764 subsidio,
815 2695 865 2768 qui
885 2697 969 2773 plane
990 2696 1123 2772 indignus
1145 2698 1272 2779 nonpsit.

186 2792 298 2869 Capitis
318 2791 456 2850 damnatis
476 2792 568 2852 danda
586 2802 631 2851 est
649 2794 840 2861 Eucharistia,
854 2813 891 2851 ex
910 2794 1024 2854 decreto
1044 2795 1077 2853 S.
1099 2794 1147 2855 Pii
1165 2794 1206 2854 V.
1225 2798 1274 2870 qui

185 2892 463 2968 contrariumrejecit
476 2911 582 2950 morem
591 2893 620 2950 iu
635 2892 738 2951 Galliis
752 2893 905 2968 vigentem.
940 2895 998 2961 Qui
1011 2893 1087 2952 bello
1101 2903 1145 2951 est
1154 2904 1273 2953 certatu-

184 3011 232 3051 rus
246 3000 355 3050 teuetur
365 2991 577 3049 Eucharistiam
591 2993 670 3068 prius
681 3006 804 3059 sumere,
815 2991 840 3049 si
853 2992 890 3048 sit
903 2994 1002 3069 copia:
1018 2993 1087 3050 item
1097 2995 1146 3065 qui
1161 2994 1274 3070 pericu-

119 3098 122 3104 '
182 3091 251 3148 losoe
265 3090 439 3166 navigationi
448 3107 479 3146 se
487 3092 692 3148 commissurus
704 3101 757 3159 est,
768 3089 812 3148 vel
825 3091 873 3148 alii
887 3092 984 3149 mortis
997 3089 1177 3150 discrimini:
1195 3093 1278 3165 quod

187 3190 342 3263 proesertim
377 3186 527 3244 dicendum
554 3188 580 3244 si
605 3198 731 3265 tempore
764 3188 907 3264 paschatis
932 3208 991 3249 non
1009 3191 1275 3249 communicaverit.

188 3285 297 3343 Mulier
309 3293 371 3341 ante
386 3286 510 3359 primum
524 3286 716 3361 puerperium,
725 3287 800 3359 quod
811 3306 877 3345 cum
889 3287 953 3367 vites
965 3288 1093 3367 periculo
1106 3289 1275 3365 plerumque

186 3383 375 3458 conjungitur,
390 3391 499 3439 tenetur
512 3383 723 3442 Eucharistiam
737 3386 891 3462 suscipere.
1028 3380 1030 3385 ’
1214 3381 1217 3388 ’

227 3483 276 3536 42.
298 3479 389 3537 Extra
399 3481 498 3538 mortis
512 3480 664 3539 discrimen
679 3485 784 3560 saepius
804 3484 835 3542 in
848 3485 904 3543 vite
916 3492 1047 3543 tenemur
1061 3483 1274 3544 Eucharistiam

189 3579 344 3655 suscipere,
365 3578 446 3636 cibus
469 3580 547 3637 euim
567 3581 668 3637 animas
689 3592 743 3650 est,
761 3583 825 3666 sius
843 3596 903 3667 qno
923 3583 1017 3641 vivere
1037 3601 1095 3640 uon
1111 3601 1274 3659 possumus.

191 3677 330 3738 Ecclesiae
343 3679 392 3736 lex
406 3678 495 3736 semel
508 3680 538 3737 in
551 3697 625 3736 anuo
638 3681 744 3757 obligat
761 3668 867 3749 emila
880 3678 931 3755 qni
944 3681 980 3738 ad
993 3700 1083 3740 annos
1097 3681 1276 3741 discretionis

190 3779 387 3855 pervenerint;
418 3777 467 3835 sed
488 3789 517 3836 et
537 3777 712 3851 frequentius
736 3778 871 3841 accedere
890 3789 1020 3838 tenentur
1048 3781 1096 3852 qui
1123 3791 1229 3840 norunt
1247 3799 1277 3837 se

189 3875 257 3938 aliis
271 3898 337 3938 suas
352 3877 521 3955 cupiditates
540 3878 696 3954 reprimere
716 3898 773 3938 nou
795 3897 891 3956 posse.
933 3877 1092 3937 Rarissimc
1106 3888 1201 3938 tamen
1215 3897 1277 3954 spe·

321 4107 363 4169 (l)
382 4105 416 4153 iii.
427 4120 451 4168 p.
463 4120 504 4167 qu.
515 4105 594 4154 lxxix.
605 4111 649 4156 art.
660 4104 676 4153 i.
687 4103 718 4153 ad
732 4107 753 4152 l.

321 4187 363 4250 (2)
382 4187 445 4235 Vide
456 4188 622 4238 Busembaum
633 4187 697 4252 apud
708 4188 735 4237 S.
747 4185 821 4250 Alph.
833 4185 849 4233 l.
862 4184 893 4234 vi.
905 4201 931 4234 n.
941 4189 1001 4234 287.

322 4272 363 4334 (3)
384 4272 482 4330 Ibidem,
494 4289 519 4322 n.
531 4276 588 4322 293.
606 4273 669 4322 Vide
679 4281 704 4324 st
715 4270 807 4321 Bensd.
818 4269 889 4318 XIV.
900 4270 930 4319 ds
942 4271 1003 4333 Syn.
1015 4271 1031 4319 l.
1042 4271 1075 4321 vii
1087 4286 1108 4320 c.
1120 4270 1163 4320 xii.
