2640 4860
163 415 225 473 850
361 404 419 467 DE
438 402 759 466 lMPEDlMEN'l'IS
780 403 1058 466 MATRIMONII.

163 576 241 653 qood
263 591 362 652 preces
392 575 553 640 recitentur,
580 571 689 629 omissa
718 589 875 630 consensus
902 570 1003 641 forma,
1030 580 1060 631 et
1084 571 1179 631 Missa
1204 592 1257 650 pro

163 677 281 754 Sponso
302 683 332 730 et
344 672 460 748 Sponsa
478 671 645 738 celebretur,
659 671 684 728 si
705 673 875 747 poenitentes
895 670 1087 731 offensionem
1107 673 1218 741 tollere,
1232 682 1261 731 et

164 776 283 854 gratiam
298 791 463 848 comparare
473 773 598 847 cupiant.
620 770 660 828 lis
674 770 703 828 in
716 770 789 828 locis
803 771 833 828 in
846 771 998 844 quibusex
1009 773 1178 831 necessitate
1187 773 1260 850 legis

165 875 230 948 quis
252 892 283 931 se
304 873 379 930 sistit
398 890 494 929 coram
516 871 692 947 magistratu,
710 868 868 928 instmendi
889 879 957 928 sunt
976 870 1076 930 fideles
1096 890 1129 929 se
1150 891 1261 930 merum

165 982 259 1031 actum
280 970 393 1031 civilem
414 980 557 1046 prestare,
572 968 624 1026 sed
649 966 726 1026 hand
746 968 913 1028 contrahere
934 971 1160 1040 matrimonium,
1182 971 1261 1044 quod

165 1072 308 1130 consuetis
330 1069 430 1129 formis
450 1088 543 1127 coram
571 1066 718 1127 sacerdote
742 1067 922 1136 contrahunt,
938 1088 988 1127 seu
1016 1079 1108 1139 antea,
1123 1089 1175 1128 sen
1195 1080 1264 1147 post

166 1170 312 1248 prelatum
328 1178 420 1227 actum
433 1186 440 1226 :
455 1168 506 1226 sed
520 1168 568 1226 ubi
584 1168 639 1244 ipsi
652 1176 754 1244 sponte
768 1186 800 1225 se
814 1168 927 1237 sistunt,
941 1167 1073 1229 videntur
1085 1186 1260 1228 consensum

166 1279 234 1328 tunc
254 1278 396 1344 prestare,
412 1278 440 1325 et
466 1267 530 1326 ideo
550 1276 696 1339 nequeunt
716 1267 817 1324 iterum
840 1285 907 1325 eum
930 1267 1008 1336 dare,
1023 1286 1060 1327 ne
1081 1278 1262 1326 sacramento

166 1367 295 1428 illudant.
336 1367 426 1444 Igitur
439 1365 560 1444 cogendi
580 1383 638 1424 non
651 1374 719 1423 sunt
732 1365 767 1423 ad
788 1366 915 1423 iteratam
937 1385 1094 1425 consensus
1117 1367 1260 1444 signitica-

166 1469 272 1526 tionem
285 1485 380 1524 coram
395 1462 548 1541 parocho,¹
568 1483 632 1538 quae
647 1483 701 1523 nec
714 1464 795 1522 lacile
808 1465 851 1522 eis
864 1466 1054 1540 permittenda
1064 1476 1119 1524 est.

211 1569 278 1624 199.
301 1565 349 1623 Ex
370 1565 416 1622 his
438 1583 500 1637 quae
527 1564 562 1623 de
583 1565 760 1622 immunitate
780 1561 976 1622 hereticorum
998 1565 1033 1622 ab
1053 1564 1264 1642 impedimento

165 1664 399 1725 clandestinitatis
419 1663 556 1732 diximus,
583 1683 619 1721 ne
641 1671 721 1739 putet
740 1663 883 1739 quispiam
909 1682 961 1721 eos
981 1665 1015 1723 ab
1034 1666 1115 1722 omni
1140 1664 1261 1740 impedi-

166 1775 265 1825 mento
277 1763 416 1821 canonico
429 1764 571 1821 immunes
585 1780 666 1829 esse3
678 1762 811 1838 specialis
824 1762 901 1819 enim
915 1761 968 1820 luit
986 1773 1098 1840 patrum
1117 1762 1262 1821 Tridenti-

167 1881 268 1922 nomm
281 1862 337 1920 hac
349 1862 384 1920 de
399 1881 428 1920 re
443 1861 629 1939 providentia,
644 1879 680 1919 ne
694 1862 801 1919 incerta
820 1859 989 1938 plerumque
1002 1863 1048 1920 vel
1069 1863 1149 1921 nulla
1168 1862 1263 1921 forent

167 1981 265 2021 eorum
292 1962 437 2040 conjugia.
489 1961 631 2019 Caeterum
658 1960 787 2035 plerique
814 1959 941 2036 theologi
964 1962 1132 2020 existimant
1164 1972 1263 2018 cetera

167 2061 372 2137 impedimenta
385 2079 486 2119 omnes
510 2058 684 2136 adstringere
705 2061 754 2132 qui
774 2059 915 2135 baptismo
932 2059 1032 2117 initiati
1053 2070 1130 2128 sunt,
1146 2060 1223 2132 quod
1237 2070 1264 2116 et

168 2160 269 2237 probat
290 2169 424 2216 constans
444 2157 545 2234 agendi
571 2159 644 2216 ratio
667 2159 743 2234 apud
764 2158 797 2214 S.
820 2157 926 2216 Sedem
949 2168 1073 2235 recepta.
1116 2159 1260 2232 Equidem

168 2257 334 2316 conceditur
352 2258 498 2333 episcopis
519 2256 637 2314 facultas
659 2255 844 2333 dispensandi
867 2275 931 2314 cum
954 2257 1095 2318 hereticis
1119 2259 1155 2316 ad
1177 2258 1260 2316 fidem

168 2356 316 2414 conversis
337 2355 366 2413 iu
381 2353 552 2427 quibusdam
566 2355 700 2432 gradibus
714 2356 978 2432 consanguinitatis,
993 2357 1070 2430 quod
1085 2357 1259 2434 superfluum

167 2456 249 2522 foret,
264 2465 293 2512 et
313 2454 407 2522 inane,
422 2454 448 2511 si
468 2454 524 2530 ipsi
549 2454 672 2532 legibus,
687 2473 749 2537 quae
772 2474 807 2512 ea
827 2456 905 2512 irrita
925 2454 1032 2513 faciunt
1044 2458 1190 2534 conjugia,
1206 2475 1260 2514 non

168 2564 339 2613 tenerentur.
382 2553 545 2612 Declaravit
557 2553 855 2629 insuperBenedictus
867 2554 951 2611 XIV.
966 2555 1060 2614 valere
1081 2555 1259 2614 matrimonia

168 2655 367 2712 hereticorum
377 2656 406 2711 in
421 2653 584 2721 Hollandia,
596 2673 653 2711 non
668 2652 1065 2724 servatasormaTridentina,
1081 2653 1257 2713 “dummodo

169 2754 244 2812 aliud
259 2772 316 2811 non
336 2754 473 2810 obstiterit
493 2753 726 2828 impedimentum
748 2754 916 2811 canonicum
927 2752 956 2820 ;”
972 2756 1047 2825 qnod
1066 2754 1194 2813 ostendit
1213 2772 1260 2811 eos

169 2854 203 2912 ab
216 2853 296 2910 hisce
310 2872 367 2911 non
382 2870 446 2910 esse
460 2852 612 2910 immunes.
654 2852 729 2909 Rem
740 2871 777 2909 ex
791 2853 921 2929 professo
931 2852 1079 2912 illustravit
1087 2853 1259 2912 Benedictus

169 2951 254 3010 XIV.
269 2951 304 3009 de
324 2952 426 3009 Judaeo
447 2952 498 3023 qui
515 2952 636 3010 duxerat
657 2953 805 3009 mulierem
826 2953 1053 3027 protestanticam
1076 2973 1176 3030 agene,
1191 2955 1261 3009 inter

170 3069 242 3123 quos
256 3052 423 3127 conjugium
437 3052 591 3108 subsistere
606 3052 729 3125 negavit,
744 3068 831 3121 quum
849 3050 970 3107 obstaret
979 3052 1070 3110 cultus
1084 3043 1261 3128 disparitas.²

170 3149 203 3205 Si
217 3150 368 3225 contigerit
385 3151 512 3208 converti
526 3150 559 3208 ad
581 3150 668 3208 fidem
683 3151 731 3223 qui
746 3151 818 3207 intra
828 3148 929 3225 gradus
940 3152 1102 3226 prohibitos
1116 3147 1261 3228 conjuncti

169 3258 245 3314 sunt,
260 3247 433 3324 dispensatio
447 3249 598 3320 quaerenda
611 3251 673 3315 erit,
688 3259 716 3306 et
729 3260 888 3326 opportune
900 3247 1003 3307 danda.
1027 3301 1030 3308 .

208 3349 278 3402 200.
300 3346 483 3421 Impotcntio
505 3357 550 3403 est
570 3349 696 3406 naturale
718 3348 888 3407 matrimonii
916 3348 1151 3426 impedimentum
1175 3349 1203 3405 in
1228 3347 1260 3404 iis

169 3443 218 3513 qui
237 3454 382 3513 nequeunt
404 3445 481 3501 coire
502 3446 588 3503 modo
608 3442 791 3522 generationi
806 3467 857 3525 per
878 3465 909 3503 se
927 3447 1040 3506 idoneo.
1085 3449 1149 3506 “ln
1171 3446 1262 3504 matri·

169 3541 298 3608 monio,”
322 3542 360 3600 ait
383 3543 415 3599 S.
437 3542 578 3610 Thomas,
601 3555 673 3601 “est
687 3557 848 3606 contractus
869 3545 994 3619 qnidam,
1019 3565 1077 3619 quo
1093 3566 1168 3604 unus
1183 3545 1262 3603 alteri

169 3641 309 3718 obligatur
322 3640 356 3698 ad
374 3642 498 3700 debitum
514 3644 625 3700 carnale
639 3645 819 3704 solvendum.
864 3645 950 3705 Unde
971 3647 1044 3703 sicut
1057 3648 1087 3704 in
1109 3647 1174 3703 aliis
1196 3663 1260 3702 con·

169 3742 304 3798 tractibus
318 3761 375 3800 non
399 3750 442 3798 est
461 3745 635 3801 couveniens
657 3745 800 3821 obligatio,
822 3751 847 3804 si
872 3747 975 3818 aliquis
990 3764 1021 3802 se
1035 3745 1143 3821 obliget
1157 3743 1192 3802 ad
1206 3744 1260 3801 hoc

168 3841 244 3910 quod
259 3860 314 3898 uon
329 3850 422 3916 potest
435 3840 511 3908 dare,
527 3842 570 3898 vel
584 3843 692 3900 facere:
714 3846 751 3902 ita
765 3864 823 3903 non
836 3854 879 3903 est
890 3847 1065 3903 conveniens
1080 3843 1261 3901 matrimonio

168 3948 338 4008 contractus,
362 3942 387 3997 si
408 3941 456 3997 fiat
478 3941 513 3997 ab
533 3941 628 4014 aliquo
649 3944 698 4014 qui
720 3942 846 4002 debitum
867 3946 979 4002 carnale
1000 3945 1111 4002 solvere
1125 3962 1182 4001 non
1198 3961 1261 4018 pos-

204 4150 247 4216 (l)
267 4149 331 4198 Vide
343 4150 451 4200 Gerriere
463 4159 480 4200 t.
491 4153 515 4202 ii.
525 4168 550 4202 n.
566 4155 638 4201 1463.

203 4233 246 4296 (2)
268 4234 329 4283 Vide
341 4237 410 4298 epist.
420 4237 450 4286 ad
462 4237 617 4287 cardinalem
629 4239 808 4290 Ebomcensem
819 4242 858 4291 die
871 4244 885 4290 9
899 4242 1014 4291 Februar.
1028 4243 1101 4292 1749.
1118 4241 1182 4291 Vide
1193 4241 1258 4305 plura

167 4315 232 4378 apud
242 4316 349 4369 Carriere
361 4322 391 4371 de
402 4329 459 4371 mat
472 4329 491 4371 t.
503 4323 519 4370 i.
531 4339 555 4372 n.
568 4324 625 4373 604.
