2640 4860
189 382 249 438 218
540 374 597 434 DE
619 374 931 434 ABSOLUTIONE.

189 550 232 601 est
245 544 274 600 in
288 541 332 598 sui
345 540 546 599 detrimentum
567 540 778 600 vindicandum.
821 541 933 618 lnjuria
953 540 1072 614 quidem
1093 542 1122 600 ei
1144 543 1234 612 fieret,
1255 544 1274 602 si

189 640 331 699 absolutio
356 639 518 698 differretur
538 660 604 698 cum
630 641 674 698 sni
694 619 811 708 damno,
832 639 878 696 vel
898 641 981 698 lama
1004 640 1129 717 jactura,
1151 643 1274 703 velaliits

191 741 297 812 absque
325 739 403 815 gravi
429 758 531 796 causa:
552 739 603 797 sed
629 740 752 797 lucratur
777 757 854 815 saepe
875 738 1022 797 dilatione.
1074 738 1165 798 Certa
1191 751 1275 800 autern

191 839 288 916 regula
301 837 353 895 hac
376 840 405 896 in
419 858 448 896 re
463 840 548 897 statui
567 839 676 910 nequit,
698 858 787 911 quum
810 838 954 895 nonnullis
975 839 1068 914 prosit
1087 839 1202 907 dilatio;
1223 840 1275 898 aliis

190 939 274 996 obsit.

229 1041 298 1095 201.
321 1035 367 1093 De
381 1035 569 1094 relabentibus
581 1037 609 1094 in
623 1018 739 1111 peccata
753 1054 817 1109 qne
830 1053 867 1092 ex
888 1036 1036 1111 fragilitate
1051 1036 1207 1095 intrinseca
1219 1055 1276 1094 eon·

190 1137 310 1213 tingunt,
333 1154 367 1192 v:
382 1154 418 1211 g:
440 1135 639 1211 pollutionem,
660 1135 878 1193 delectationem
901 1153 1057 1202 morosam,
1081 1135 1179 1193 odium
1202 1135 1276 1202 ,blas-

190 1236 346 1311 phemiam,
361 1243 458 1292 censet
472 1234 503 1291 S.
519 1233 683 1310 Alplronsus
698 1234 904 1292 absolutionem
925 1234 960 1291 iis
981 1235 1031 1292 vix
1044 1233 1243 1303 differendam,
1255 1236 1275 1290 si

191 1332 413 1392 extraordinaria
426 1335 569 1409 praebeant
581 1333 688 1391 doloris
702 1335 792 1410 signa.
835 1332 919 1398 Octo,
933 1333 979 1390 vel
993 1332 1094 1392 docem
1105 1333 1227 1401 dierum,
1237 1334 1276 1391 vel

191 1434 226 1492 ad
239 1451 384 1490 summum
398 1432 573 1504 quindecim,
589 1433 751 1490 dilationem
772 1431 918 1508 permittit,
941 1433 1053 1504 quoties
1078 1450 1117 1490 ex
1137 1451 1224 1490 causa
1241 1433 1275 1490 in·

192 1534 316 1590 trinseca
328 1530 425 1607 lapsus
438 1532 534 1589 oritur.
577 1531 700 1597 Quando
720 1550 758 1589 ex
778 1549 864 1589 causa
883 1531 1056 1598 extrinseca,
1070 1530 1229 1590 differenda
1241 1540 1276 1588 est

191 1630 283 1690 donec
305 1632 419 1688 occasio
445 1631 553 1688 sublata
573 1631 664 1690 luerit.
707 1630 792 1689 Ratio
818 1629 990 1710 discriminis
1016 1629 1179 1689 desumitur
1198 1649 1235 1688 ex
1252 1632 1275 1687 vi

190 1729 355 1807 hujusmodi
369 1748 472 1798 cansae,
487 1749 550 1803 quae
564 1730 682 1788 faciliter
694 1728 841 1788 libidinem
855 1728 994 1797 accendit,
1014 1738 1045 1787 et
1063 1730 1173 1805 optima
1185 1730 1276 1788 evertit

191 1829 327 1887 consilia:
348 1846 436 1899 quum
457 1848 473 1887 e
494 1838 591 1887 contra
603 1829 738 1906 fragilitas
752 1828 915 1904 poenitentis
935 1837 965 1886 et
983 1826 1134 1886 infirmitas
1158 1827 1276 1887 sananda

191 1927 237 1996 sit,
251 1937 280 1986 et
292 1926 450 1986 roboranda
463 1929 572 1986 interno
586 1930 682 2006 gratioe
695 1926 833 1994 remedio,
847 1926 963 2004 quippe,
975 1927 1097 2007 docente
1111 1927 1143 1984 S.
1156 1928 1274 1994 Thoma,

192 2029 315 2105 “majus
330 2026 489 2086 remedium
503 2029 644 2104 proebetur
656 2036 755 2085 contra
767 2036 883 2102 peccata
896 2025 1009 2084 vitanda
1028 2043 1066 2083 ex
1080 2028 1181 2103 gratia,
1196 2045 1274 2098 quarn

191 2144 227 2183 ex
241 2124 424 2184 assuetudine
444 2144 561 2202 operum
575 2118 787 2184 nostrorum.”²
827 2124 918 2182 Favet
937 2124 1069 2183 Rituale:
1092 2134 1113 2160 ⁶⁶
1123 2126 1154 2184 in
1167 2136 1275 2201 peccata

190 2224 272 2282 facilc
291 2223 482 2282 recidentibus
503 2224 687 2283 utilissimum
707 2224 792 2283 suerit
810 2224 961 2282 consulere
979 2232 1011 2283 ut
1030 2241 1110 2300 saepe
1131 2225 1275 2284 confitean-

190 2332 244 2389 tur,
259 2334 296 2390 et,
309 2323 334 2380 si
347 2322 491 2398 expediat,
505 2315 765 2381 communicent.’'³

230 2425 301 2479 202.
335 2421 490 2498 Temporis
514 2423 689 2497 experientia
715 2421 867 2495 quaerenda
886 2431 939 2490 est,
961 2421 1076 2494 qnando
1102 2424 1274 2499 propositum

191 2520 306 2578 dubium
321 2520 440 2588 videtur,
455 2532 483 2578 et
496 2521 577 2579 dolor
589 2521 726 2599 exignus:
748 2520 799 2578 sed
819 2521 930 2593 quoties
952 2519 987 2578 de
1006 2521 1105 2581 animo
1124 2523 1273 2597 poenitente

191 2630 310 2687 constat,
333 2621 393 2678 dari
408 2631 502 2696 potest
515 2621 665 2688 absolutio,
686 2621 753 2693 quia
768 2623 851 2697 juxta
871 2630 1042 2695 presentem
1056 2621 1145 2678 animi
1159 2620 1274 2697 disposi-

190 2719 295 2777 tionem
305 2719 478 2795 jndicandus
492 2730 536 2777 est
548 2720 700 2795 poenitens.
743 2720 899 2795 Temporis
913 2718 1019 2776 idcireo
1032 2718 1144 2778 nullum
1158 2720 1274 2796 exigitur

191 2821 324 2893 spatium,
339 2838 402 2876 nam
418 2838 474 2877 non
486 2819 513 2876 id
528 2819 677 2891 inquiritur
690 2830 782 2876 utrum
797 2827 1027 2894 perseveraturus
1041 2817 1097 2880 sitt
1118 2819 1171 2876 sed
1188 2828 1273 2876 utrum

190 2917 445 2993 impresentiarum
473 2917 566 2975 doleat
587 2917 622 2975 de
643 2917 786 2984 admissis,
795 2926 835 2975 ‚et
859 2933 1041 2992 perseverare
1066 2916 1190 2976 firmiter
1215 2935 1273 2994 pro·

190 3025 286 3091 ponat.
329 3017 435 3075 Docuit
460 3016 594 3075 Christus
620 3015 825 3093 ignoscendum
846 3033 909 3073 esse
935 3014 1014 3073 sratri
1035 3015 1227 3075 admissomm
1247 3016 1274 3072 in

192 3116 277 3174 aliurn
304 3117 453 3192 poenitenti
479 3117 640 3193 septuagies
661 3115 785 3191 septies:
808 3113 885 3186 quod
905 3113 941 3171 ad
968 3114 1157 3174 imitationem
1177 3114 1274 3173 divina

191 3233 258 3290 erga
271 3223 433 3290 peccatores
448 3214 646 3273 misericordiae
660 3215 721 3270 fieri
735 3212 907 3271 censendum
922 3222 975 3271 est.

231 3316 301 3370 203.
324 3313 558 3370 Extraordinaria
580 3312 686 3371 doloris
709 3312 824 3381 indicia,
846 3322 913 3371 sunt
937 3311 962 3369 1.
982 3311 1130 3388 lacryma,
1145 3313 1274 3390 suspiria,

193 3411 277 3468 verba
299 3429 336 3468 ex
354 3412 412 3468 imo
432 3410 517 3468 corde
540 3411 627 3470 veluti
645 3411 783 3488 profecta,
803 3413 959 3488 prasertim
980 3412 1015 3468 ab
1035 3411 1212 3482 hominibus,
1230 3412 1275 3485 qui

192 3509 313 3566 durioris
326 3510 494 3585 plerumque
515 3520 581 3566 sunt
593 3509 706 3569 indolis.
742 3520 761 3546 ⁶⁶
771 3510 805 3568 ln
819 3509 1020 3587 dispensandis
1034 3507 1119 3568 donis
1131 3509 1222 3578 Dei,'’
1237 3512 1275 3568 in·

193 3609 254 3681 quit
267 3609 299 3667 S.
314 3609 385 3676 Leo,
408 3618 427 3644 ⁶⁶
439 3627 496 3666 non
510 3608 644 3667 debemus
665 3628 729 3667 esse
743 3609 883 3678 difficiles,
904 3628 956 3668 nee
971 3610 1166 3669 accusantium
1180 3629 1211 3668 se
1224 3609 1275 3666 lac·

183 3699 287 3785 'rymas
313 3710 494 3788 gemitusque
518 3709 671 3786 negligere,
704 3727 768 3766 cum
796 3711 889 3785 ipsam
914 3708 1071 3786 poenitendi
1099 3709 1275 3766 affectionem

190 3809 337 3868 credamus
358 3829 395 3868 ex
417 3808 474 3868 Dei
493 3808 676 3885 inspiratione
696 3802 914 3883 conceptam.”2
953 3807 993 3865 ll.
1016 3809 1166 3866 Numerus
1180 3826 1274 3885 pecca·

191 3923 283 3968 torum
297 3910 462 3977 diminutus,
484 3908 512 3966 in
534 3907 648 3975 iisdem,
676 3908 705 3965 in
731 3908 834 3979 quibus
855 3907 959 3984 saepius
979 3916 1157 3983 peccaverat,
1184 3924 1274 3965 rerum

189 4009 347 4086 adjunctis:
370 4009 436 4068 inde
448 4007 526 4067 enirn
539 4008 628 4080 liquet
646 4025 712 4065 eum
733 4006 762 4064 in
776 4006 976 4082 cupiditatibus
989 4004 1179 4083 reprimendis
1192 4003 1275 4064 studi·

189 4126 238 4165 um
253 4126 369 4184 ponere:
379 4127 432 4167 ex:
441 4126 487 4184 gr:
498 4108 523 4166 si
532 4107 596 4180 quis
605 4106 696 4173 semel
705 4106 989 4182 peccavitinmense,
1000 4106 1051 4179 qni
1061 4115 1144 4164 antea
1154 4105 1276 4178 quotidie

291 4263 332 4328 (1)
352 4261 437 4326 Suppl.
449 4262 482 4310 iii.
493 4277 517 4325 p.
529 4279 570 4325 qu.
580 4279 640 4314 xxv.
652 4268 695 4313 ert.
706 4263 722 4312 i.
734 4263 765 4313 ad
775 4265 800 4311 4.
902 4260 946 4330 (2)
965 4261 1005 4312 De
1016 4261 1072 4312 Sao.
1084 4262 1174 4312 Ponit.

483 4350 525 4413 (3)
544 4349 622 4414 Epist
634 4349 721 4400 lxxxii.
733 4349 854 4401 Theodor.
866 4347 983 4414 Episcop.
