2640 4860
92 4427 119 4537 lt,
165 4442 245 4539 ξομ.
260 4441 398 4503 Ill-aa

92 4614 201 4751 *aa

654 130 659 137 .
735 48 789 157 {³³³-

146 220 195 262 cf*

503 361 797 473 nfflprvonuro.
1134 384 1200 471 aar·

92 494 138 533 ,vr-
552 510 558 519 .

92 554 217 637 Ι5,,120.
239 545 285 606 Ob
299 547 431 605 haeresim
445 548 474 606 in
488 565 573 619 quam
587 548 695 624 conjux
714 547 811 624 lapsus
826 547 918 614 fuerit,
933 549 1041 621 absque
1056 547 1196 605 Ecclesiae

92 634 213 730 “judicio
228 666 286 705 non
300 655 343 704 est
356 645 507 704 divortium
524 645 685 704 faciendum
696 645 720 713 3¹
740 647 792 704 sed
811 656 855 703 est
874 648 952 724 justa
973 647 1085 705 divortii
1099 666 1194 714 causa,

105 748 263 827 praesertim
277 747 303 803 si
316 744 384 802 fidei
398 744 557 803 amittendae
571 755 599 802 et
611 747 698 820 prolis
714 747 903 820 perversionis
918 747 1008 804 subsit
1022 747 1191 822 periculum.

108 849 248 908 “Mulier
260 864 312 922 pro
323 844 406 912 furto,
418 845 463 902 vel
477 845 532 902 alio
546 844 665 902 crimine
676 846 729 902 viri
744 845 787 903 sui
799 843 867 924 (nisi
877 845 944 904 fidei
958 865 1018 903 suae
1027 847 1195 923 religionem

107 964 290 1022 corrumpere
316 940 395 1022 velit)
424 945 458 1002 ab
485 962 519 1002 eo
546 945 671 1019 separari
697 963 754 1001 non
781 939 912 1001 debet.'’²
951 944 1197 1017 Quandocumque

105 1049 216 1107 crimen
230 1044 362 1121 conjugis
383 1043 491 1119 peccati
510 1044 708 1101 necessitatem
722 1043 780 1101 fere
794 1043 887 1110 infert,
902 1044 1054 1102 divortium
1069 1062 1197 1116 quaeren·

108 1147 178 1206 dum
192 1154 244 1203 est.
286 1143 408 1218 Insuper
420 1144 445 1200 si
459 1142 613 1209 infamiam,
624 1152 788 1219 egestatem,
798 1141 843 1199 vel
857 1143 920 1200 vitae
934 1127 1200 1220 periculum'afferat

107 1245 239 1322 conjugis
253 1243 372 1308 crimen,
387 1241 488 1319 poterit
501 1242 615 1299 arbitrio
628 1242 814 1300 ecclesiastici
824 1241 931 1318 judicis
945 1242 1008 1301 fieri
1031 1241 1196 1300 divortium.

109 1347 160 1403 Sic
175 1352 296 1402 monetae
310 1340 414 1400 falsarii
422 1359 527 1399 uxores
537 1342 566 1398 in
581 1342 689 1417 peccati
698 1350 725 1399 et
740 1335 801 1398 vitae
816 1341 972 1417 periculum
986 1341 1129 1416 injiciunt,
1141 1342 1199 1399 ide·

108 1461 184 1517 oque
198 1443 232 1500 ab
246 1443 281 1500 iis
295 1439 444 1517 separandi
454 1449 530 1498 sunt.
573 1439 717 1499 Caeterum
739 1439 891 1498 divortium
912 1439 1126 1499 concedendum
1141 1459 1201 1499 non

110 1553 155 1602 est
167 1543 205 1600 ob
217 1541 335 1599 crimina
350 1543 434 1599 etiam
454 1539 582 1606 infamia,
597 1548 624 1597 et
643 1558 764 1612 quorum
778 1541 807 1597 in
823 1538 932 1616 judicio
948 1539 1079 1616 probatus
1102 1549 1146 1597 est
1159 1541 1202 1597 vir

112 1661 190 1710 reus,
211 1642 237 1698 si
257 1648 368 1698 constet
386 1658 452 1697 eum
472 1658 540 1697 suos
562 1638 730 1697 emendasse
750 1656 863 1697 mores:
885 1658 952 1697 nam
972 1645 1048 1696 tanta
1067 1649 1110 1696 est
1130 1640 1203 1696 inter

112 1742 250 1818 conjuges
271 1738 459 1805 necessitudo,
473 1748 502 1797 et
521 1740 710 1797 communitas
731 1739 761 1795 in
781 1738 865 1795 rebus
887 1737 1022 1805 adversis,
1035 1738 1118 1796 etiam
1140 1757 1202 1811 quae

112 1841 197 1917 culpa
217 1839 405 1916 contigerunt,
423 1847 455 1895 ut
473 1838 648 1914 probabilius
669 1837 788 1896 doceant
800 1836 943 1914 theologi,
956 1855 1077 1895 uxorem
1099 1837 1203 1896 debere

113 1943 175 1998 viro
189 1941 218 1996 iu
232 1938 350 1996 exilium
365 1938 480 1995 abeunti
493 1933 647 1996 comitari³

156 2042 224 2096 121.
248 2038 363 2095 Saevitia
382 2038 475 2095 mariti
495 2045 538 2094 est
555 2038 635 2115 justa
649 2055 734 2094 causa
754 2036 886 2104 divortii;
907 2055 961 2093 nec
980 2036 1093 2112 cogitur
1112 2035 1204 2094 redire

113 2157 196 2205 uxor,
210 2138 268 2195 uisi
283 2144 424 2213 “recepta
436 2135 588 2194 sufficienti
603 2137 743 2202 cautione,
759 2135 835 2208 quod
849 2136 891 2194 illi
905 2155 963 2194 non
977 2134 1078 2193 debeat
1091 2134 1206 2208 aliquod

117 2239 224 2296 malum
247 2231 401 2294 inferre.'’⁴
441 2236 625 2309 Ubicumque
649 2254 685 2292 ex
711 2235 788 2303 odio,
814 2235 966 2309 furoreque
988 2236 1119 2293 imminet
1141 2237 1205 2294 vitm

115 2335 283 2413 periculum,
310 2334 461 2393 divortium
481 2335 578 2408 utique
603 2334 679 2400 lieet,
703 2343 731 2390 et
753 2334 870 2406 quidem
892 2335 1007 2412 propria
1031 2336 1205 2401 auctoritate,
1301 2338 1314 2355 ·’

117 2444 256 2508 quatenus
269 2435 362 2492 statim
371 2434 424 2491 sibi
432 2433 641 2492 consulendum
650 2433 703 2500 sit;
719 2433 770 2490 sed
781 2434 852 2491 etob
862 2436 976 2491 verbera
986 2434 1207 2500 vehementiora,

117 2545 146 2593 et
171 2534 372 2606 frequentiora,
398 2533 444 2591 vel
468 2533 572 2592 malam
598 2532 801 2598 tractationem,
823 2532 886 2605 quae
912 2549 1026 2608 gravem
1052 2530 1207 2590 admodum

119 2632 205 2693 vitam
221 2633 296 2699 facit,
311 2651 348 2690 ex
361 2633 546 2690 ecelesiastici
554 2632 661 2709 judicis
675 2631 838 2689 auctoritate
852 2629 1016 2688 conceditur
1029 2628 1064 2686 ad
1080 2638 1205 2704 tempus.

118 2733 164 2792 Ob
172 2733 270 2810 jurgia
282 2732 426 2806 rixasque,
440 2732 545 2805 absque
559 2732 637 2808 gravi
651 2730 788 2807 periculo,
802 2731 852 2787 vix
865 2727 1015 2804 separandi
1029 2737 1104 2785 sunt.
1147 2728 1208 2786 Ali·

119 2831 234 2907 quando
248 2840 342 2889 tamen
364 2832 502 2908 conjuges
523 2829 595 2888 adeo
607 2849 639 2887 se
660 2830 782 2888 invicem
803 2829 998 2886 abominantur
1017 2836 1048 2885 ut
1068 2837 1209 2900 nequeant

100 2931 295 2991 tconsortium
306 2931 442 2989 tolerare:
458 2938 628 3006 quapropter
640 2938 739 2987 mutuo
753 2946 894 2997 consensu
915 2936 1090 3002 separantur,
1101 2926 1209 3004 judicis

122 3032 236 3090 arbitrio
249 3029 409 3088 accedente.

127 3204 133 3217 .
162 3135 231 3188 122.
253 3128 299 3187 Ob
319 3130 450 3187 morbum
470 3129 677 3206 contagiosum,
693 3147 726 3185 v:
745 3146 782 3204 g:
804 3127 923 3202 lepram,
938 3126 1104 3184 conceditur
1117 3123 1210 3183 divor·

122 3231 191 3303 tium
209 3228 402 3297 habitationis,
417 3218 547 3315 quamvis
561 3229 609 3287 ubi
620 3226 700 3285 reddi
720 3235 812 3303 potest
825 3225 959 3293 debitum,
974 3227 1080 3298 absque
1095 3225 1150 3292 sui,
1165 3224 1211 3283 vel

118 3329 209 3415 prolis
244 3327 380 3403 periculo,
406 3314 581 3386 reddendum
607 3328 652 3384 sit.
702 3327 766 3385 Nee
789 3324 977 3384 deserendum
1002 3335 1046 3383 est
1077 3326 1211 3402 conjugis

124 3426 308 3494 domicilium,
323 3427 361 3483 si
373 3426 497 3502 indigeat
516 3444 602 3502 opera
616 3406 752 3494 alterius,
768 3445 831 3498 quae
854 3425 980 3502 praestari
1001 3434 1085 3498 queat
1104 3427 1212 3496 absque

127 3526 276 3585 manifesta
289 3527 434 3601 pernicie:
448 3527 556 3603 quippe
569 3526 670 3583 caritas
684 3544 784 3598 quase
798 3525 918 3583 invicem
933 3524 1037 3583 debent
1050 3524 1212 3600 complecti,

125 3627 213 3703 exigit
236 3633 268 3682 ut
289 3623 479 3685 necessariam
500 3643 617 3701 operam
643 3643 700 3682 non
726 3623 900 3681 subtrahant.
943 3623 1001 3689 Qui
1022 3623 1069 3679 lue
1090 3640 1212 3680 venerea

126 3725 242 3792 laborat,
261 3723 374 3784 divortii
394 3725 591 3801 gravissimam
614 3724 721 3800 praebet
740 3739 864 3787 causam,
878 3720 945 3778 lieet
965 3729 1028 3777 ante
1048 3720 1214 3796 conjugium

102 3832 266 3882 *contracta
279 3824 332 3881 sit:
348 3824 480 3901 injuriam
494 3824 600 3899 quippe
620 3822 774 3880 maximam
788 3819 872 3876 uxori
893 3818 994 3875 intulit.
1037 3817 1095 3883 Qui
1115 3835 1214 3876 amens

125 3933 169 3982 est
181 3932 210 3980 et
222 3923 357 3992 furiosus,
371 3931 466 3999 potest
484 3921 608 3999 separari
621 3941 638 3978 a
657 3919 789 3994 conjuge,
805 3925 943 3990 quatenus
964 3935 1037 3992 opus
1050 3918 1088 3974 sit
1106 3926 1137 3975 ut
1149 3916 1216 3973 alte*

97 4070 102 4083 .
125 4022 196 4095 rui
219 4023 397 4080 consuletur:
420 4020 472 4079 sed
491 4023 520 4080 in
539 4020 674 4088 erunibus
695 4019 795 4075 caritas
823 4016 950 4092 conjugii
970 4016 1095 4073 eminere
1121 4015 1214 4082 debet,

115 4116 197 4197 ,suco
210 4131 242 4178 ut
254 4120 405 4179 divortium
419 4139 475 4179 non
491 4112 697 4206 quamtus-'nisi
711 4118 747 4174 ob
760 4134 876 4192 gravem
890 4115 1098 4173 necessitatem.

153 4268 202 4364 n·
234 4279 276 4344 (1)
297 4277 412 4328 ostede
429 4277 548 4330 divortia,
698 4318 701 4323 ,
732 4271 1036 4341 (adaquarentur.

232 4365 274 4429 (3)
294 4362 320 4411 S.
332 4363 516 4426 Alph.l.iii.n
528 4365 577 4412 383
733 4361 776 4428 (4)
797 4359 858 4425 Gap.
870 4358 919 4409 viii.
931 4358 1039 4410 donat.
1052 4356 1119 4427 Spol.

124 4738 166 4835 ξ
