<?xml version="1.0" encoding="UTF-8"?>
<!DOCTYPE html PUBLIC "-//W3C//DTD XHTML 1.0 Transitional//EN"
    "http://www.w3.org/TR/xhtml1/DTD/xhtml1-transitional.dtd">
<html xmlns="http://www.w3.org/1999/xhtml" xml:lang="en" lang="en">
 <head>
  <title>
</title>
<meta http-equiv="Content-Type" content="text/html;charset=utf-8" />
  <meta name='ocr-system' content='tesseract 3.04.00' />
  <meta name='ocr-capabilities' content='ocr_page ocr_carea ocr_par ocr_line ocrx_word'/>
</head>
<body>
  <div class='ocr_page' id='page_1' title='image "./theologiaemoral01kenrgoog_0066.png"; bbox 0 0 2640 4860; ppageno 0'>
   <div class='ocr_carea' id='block_1_1' title="bbox 438 360 1172 425">
    <p class='ocr_par' dir='ltr' id='par_1_1' title="bbox 438 360 1172 425">
     <span class='ocr_line' id='line_1_1' title="bbox 438 360 1172 425; baseline 0.005 -5"><span class='ocrx_word' id='word_1_1' title='bbox 438 360 495 421; x_wconf 77' lang='lat' dir='ltr'><strong>DE</strong></span> <span class='ocrx_word' id='word_1_2' title='bbox 519 362 812 425; x_wconf 76' lang='lat' dir='ltr'><strong>BAPTIZANDIS.</strong></span> <span class='ocrx_word' id='word_1_3' title='bbox 1133 368 1172 424; x_wconf 72' lang='lat' dir='ltr'><strong>lt</strong></span> 
     </span>
    </p>
   </div>
   <div class='ocr_carea' id='block_1_2' title="bbox 77 526 1211 2786">
    <p class='ocr_par' dir='ltr' id='par_1_2' title="bbox 77 526 1175 1183">
     <span class='ocr_line' id='line_1_2' title="bbox 77 526 1172 608; baseline 0.004 -18"><span class='ocrx_word' id='word_1_4' title='bbox 77 533 147 591; x_wconf 88' lang='lat' dir='ltr'><strong>licet</strong></span> <span class='ocrx_word' id='word_1_5' title='bbox 160 531 290 588; x_wconf 88' lang='lat' dir='ltr'><strong>membra</strong></span> <span class='ocrx_word' id='word_1_6' title='bbox 301 527 359 584; x_wconf 87' lang='lat' dir='ltr'><strong>siut</strong></span> <span class='ocrx_word' id='word_1_7' title='bbox 377 526 483 597; x_wconf 71' lang='lat' dir='ltr'><strong>ferina:</strong></span> <span class='ocrx_word' id='word_1_8' title='bbox 504 529 558 587; x_wconf 89' lang='lat' dir='ltr'><strong>sub</strong></span> <span class='ocrx_word' id='word_1_9' title='bbox 577 528 740 588; x_wconf 89' lang='lat' dir='ltr'><strong>conditione</strong></span> <span class='ocrx_word' id='word_1_10' title='bbox 759 528 836 598; x_wconf 84' lang='lat' dir='ltr'><strong>rard,</strong></span> <span class='ocrx_word' id='word_1_11' title='bbox 850 530 876 588; x_wconf 90' lang='lat' dir='ltr'><strong>si</strong></span> <span class='ocrx_word' id='word_1_12' title='bbox 890 539 974 608; x_wconf 90' lang='lat' dir='ltr'><strong>caput</strong></span> <span class='ocrx_word' id='word_1_13' title='bbox 985 533 1023 590; x_wconf 90' lang='lat' dir='ltr'><strong>sit</strong></span> <span class='ocrx_word' id='word_1_14' title='bbox 1039 533 1172 604; x_wconf 88' lang='lat' dir='ltr'><strong>ferinum,</strong></span> 
     </span>
     <span class='ocr_line' id='line_1_3' title="bbox 77 625 1171 706; baseline 0.005 -18"><span class='ocrx_word' id='word_1_15' title='bbox 77 640 106 688; x_wconf 87' lang='lat' dir='ltr'><strong>et</strong></span> <span class='ocrx_word' id='word_1_16' title='bbox 128 629 259 689; x_wconf 89' lang='lat' dir='ltr'><strong>membra</strong></span> <span class='ocrx_word' id='word_1_17' title='bbox 277 626 420 695; x_wconf 89' lang='lat' dir='ltr'><strong>humana;</strong></span> <span class='ocrx_word' id='word_1_18' title='bbox 441 625 498 686; x_wconf 91' lang='lat' dir='ltr'><strong>hoc</strong></span> <span class='ocrx_word' id='word_1_19' title='bbox 512 626 578 686; x_wconf 80' lang='lat' dir='ltr'><strong>verb</strong></span> <span class='ocrx_word' id='word_1_20' title='bbox 605 629 630 686; x_wconf 93' lang='lat' dir='ltr'><strong>si</strong></span> <span class='ocrx_word' id='word_1_21' title='bbox 649 627 785 704; x_wconf 90' lang='lat' dir='ltr'><strong>prodierit</strong></span> <span class='ocrx_word' id='word_1_22' title='bbox 798 647 835 687; x_wconf 87' lang='lat' dir='ltr'><strong>ex</strong></span> <span class='ocrx_word' id='word_1_23' title='bbox 856 649 1011 706; x_wconf 83' lang='lat' dir='ltr'><strong>congressu</strong></span> <span class='ocrx_word' id='word_1_24' title='bbox 1033 633 1087 691; x_wconf 85' lang='lat' dir='ltr'><strong>viri</strong></span> <span class='ocrx_word' id='word_1_25' title='bbox 1106 651 1171 694; x_wconf 88' lang='lat' dir='ltr'><strong>cum</strong></span> 
     </span>
     <span class='ocr_line' id='line_1_4' title="bbox 78 724 1172 813; baseline 0.003 -25"><span class='ocrx_word' id='word_1_26' title='bbox 78 729 202 788; x_wconf 88' lang='lat' dir='ltr'><strong>femina:</strong></span> <span class='ocrx_word' id='word_1_27' title='bbox 226 745 292 785; x_wconf 90' lang='lat' dir='ltr'><strong>uam</strong></span> <span class='ocrx_word' id='word_1_28' title='bbox 307 725 333 783; x_wconf 91' lang='lat' dir='ltr'><strong>si</strong></span> <span class='ocrx_word' id='word_1_29' title='bbox 346 724 485 802; x_wconf 90' lang='lat' dir='ltr'><strong>prodierit</strong></span> <span class='ocrx_word' id='word_1_30' title='bbox 496 745 534 784; x_wconf 82' lang='lat' dir='ltr'><strong>ex</strong></span> <span class='ocrx_word' id='word_1_31' title='bbox 543 728 603 785; x_wconf 83' lang='lat' dir='ltr'><strong>viro</strong></span> <span class='ocrx_word' id='word_1_32' title='bbox 616 745 680 784; x_wconf 93' lang='lat' dir='ltr'><strong>cum</strong></span> <span class='ocrx_word' id='word_1_33' title='bbox 694 727 785 784; x_wconf 88' lang='lat' dir='ltr'><strong>bestia</strong></span> <span class='ocrx_word' id='word_1_34' title='bbox 798 725 888 807; x_wconf 93' lang='lat' dir='ltr'><strong>(quod</strong></span> <span class='ocrx_word' id='word_1_35' title='bbox 900 729 1066 788; x_wconf 85' lang='lat' dir='ltr'><strong>incredibile</strong></span> <span class='ocrx_word' id='word_1_36' title='bbox 1079 730 1172 813; x_wconf 88' lang='lat' dir='ltr'><strong>puto,)</strong></span> 
     </span>
     <span class='ocr_line' id='line_1_5' title="bbox 78 823 1172 904; baseline 0.005 -19"><span class='ocrx_word' id='word_1_37' title='bbox 78 837 144 885; x_wconf 88' lang='lat' dir='ltr'><strong>tunc</strong></span> <span class='ocrx_word' id='word_1_38' title='bbox 163 825 303 904; x_wconf 86' lang='lat' dir='ltr'><strong>baptizari</strong></span> <span class='ocrx_word' id='word_1_39' title='bbox 323 842 439 902; x_wconf 77' lang='lat' dir='ltr'>semper</span> <span class='ocrx_word' id='word_1_40' title='bbox 460 823 575 883; x_wconf 82' lang='lat' dir='ltr'>deberet</span> <span class='ocrx_word' id='word_1_41' title='bbox 592 826 646 883; x_wconf 91' lang='lat' dir='ltr'><strong>sub</strong></span> <span class='ocrx_word' id='word_1_42' title='bbox 665 825 848 896; x_wconf 82' lang='lat' dir='ltr'><strong>conditione3</strong></span> <span class='ocrx_word' id='word_1_43' title='bbox 869 845 953 886; x_wconf 90' lang='lat' dir='ltr'><strong>secus</strong></span> <span class='ocrx_word' id='word_1_44' title='bbox 967 830 993 888; x_wconf 89' lang='lat' dir='ltr'><strong>si</strong></span> <span class='ocrx_word' id='word_1_45' title='bbox 1006 846 1045 888; x_wconf 83' lang='lat' dir='ltr'><strong>ex</strong></span> <span class='ocrx_word' id='word_1_46' title='bbox 1064 831 1172 891; x_wconf 87' lang='lat' dir='ltr'><strong>femina</strong></span> 
     </span>
     <span class='ocr_line' id='line_1_6' title="bbox 79 923 1175 1000; baseline 0.004 -15"><span class='ocrx_word' id='word_1_47' title='bbox 79 937 108 986; x_wconf 87' lang='lat' dir='ltr'><strong>et</strong></span> <span class='ocrx_word' id='word_1_48' title='bbox 120 927 216 994; x_wconf 88' lang='lat' dir='ltr'><strong>bruto,</strong></span> <span class='ocrx_word' id='word_1_49' title='bbox 232 934 298 983; x_wconf 87' lang='lat' dir='ltr'><strong>tunc</strong></span> <span class='ocrx_word' id='word_1_50' title='bbox 312 925 390 983; x_wconf 88' lang='lat' dir='ltr'><strong>euim</strong></span> <span class='ocrx_word' id='word_1_51' title='bbox 406 925 487 983; x_wconf 90' lang='lat' dir='ltr'><strong>nullo</strong></span> <span class='ocrx_word' id='word_1_52' title='bbox 500 923 585 983; x_wconf 90' lang='lat' dir='ltr'><strong>modo</strong></span> <span class='ocrx_word' id='word_1_53' title='bbox 605 923 816 1000; x_wconf 87' lang='lat' dir='ltr'><strong>baptizandum,</strong></span> <span class='ocrx_word' id='word_1_54' title='bbox 831 926 968 998; x_wconf 90' lang='lat' dir='ltr'><strong>quianon</strong></span> <span class='ocrx_word' id='word_1_55' title='bbox 988 928 1175 990; x_wconf 81' lang='lat' dir='ltr'>descenderet</span> 
     </span>
     <span class='ocr_line' id='line_1_7' title="bbox 78 1019 1172 1100; baseline 0.005 -17"><span class='ocrx_word' id='word_1_56' title='bbox 78 1044 115 1084; x_wconf 83' lang='lat' dir='ltr'><strong>ex</strong></span> <span class='ocrx_word' id='word_1_57' title='bbox 129 1023 234 1092; x_wconf 84' lang='lat' dir='ltr'><strong>Adam,</strong></span> <span class='ocrx_word' id='word_1_58' title='bbox 249 1031 346 1100; x_wconf 88' lang='lat' dir='ltr'><strong>utpote</strong></span> <span class='ocrx_word' id='word_1_59' title='bbox 366 1041 424 1082; x_wconf 90' lang='lat' dir='ltr'><strong>uon</strong></span> <span class='ocrx_word' id='word_1_60' title='bbox 445 1031 615 1100; x_wconf 91' lang='lat' dir='ltr'><strong>conceptum</strong></span> <span class='ocrx_word' id='word_1_61' title='bbox 636 1042 674 1082; x_wconf 84' lang='lat' dir='ltr'><strong>ex</strong></span> <span class='ocrx_word' id='word_1_62' title='bbox 694 1024 804 1082; x_wconf 89' lang='lat' dir='ltr'><strong>semine</strong></span> <span class='ocrx_word' id='word_1_63' title='bbox 824 1025 899 1084; x_wconf 82' lang='lat' dir='ltr'><strong>virili</strong></span> <span class='ocrx_word' id='word_1_64' title='bbox 911 1019 957 1082; x_wconf 85' lang='lat'><strong>.’&#39;¹</strong></span> <span class='ocrx_word' id='word_1_65' title='bbox 998 1026 1172 1089; x_wconf 83' lang='lat' dir='ltr'><strong>Consulatur</strong></span> 
     </span>
     <span class='ocr_line' id='line_1_8' title="bbox 80 1123 429 1183; baseline -0.006 -1"><span class='ocrx_word' id='word_1_66' title='bbox 80 1135 109 1182; x_wconf 89' lang='lat' dir='ltr'><strong>et</strong></span> <span class='ocrx_word' id='word_1_67' title='bbox 122 1123 240 1183; x_wconf 88' lang='lat' dir='ltr'><strong>Rituale</strong></span> <span class='ocrx_word' id='word_1_68' title='bbox 253 1123 429 1182; x_wconf 88' lang='lat' dir='ltr'><strong>Romanum.</strong></span> 
     </span>
    </p>

    <p class='ocr_par' dir='ltr' id='par_1_3' title="bbox 79 1220 1176 1787">
     <span class='ocr_line' id='line_1_9' title="bbox 118 1220 1170 1300; baseline 0.006 -20"><span class='ocrx_word' id='word_1_69' title='bbox 118 1228 169 1282; x_wconf 71' lang='lat'><strong>27.</strong></span> <span class='ocrx_word' id='word_1_70' title='bbox 192 1222 342 1299; x_wconf 87' lang='lat' dir='ltr'><strong>Mancipia</strong></span> <span class='ocrx_word' id='word_1_71' title='bbox 355 1220 392 1279; x_wconf 88' lang='lat' dir='ltr'><strong>ad</strong></span> <span class='ocrx_word' id='word_1_72' title='bbox 404 1222 578 1300; x_wconf 89' lang='lat' dir='ltr'><strong>baptismum</strong></span> <span class='ocrx_word' id='word_1_73' title='bbox 599 1222 708 1281; x_wconf 79' lang='lat' dir='ltr'><strong>admitti</strong></span> <span class='ocrx_word' id='word_1_74' title='bbox 722 1233 854 1300; x_wconf 90' lang='lat' dir='ltr'><strong>possunt,</strong></span> <span class='ocrx_word' id='word_1_75' title='bbox 869 1226 954 1284; x_wconf 91' lang='lat' dir='ltr'><strong>etiam</strong></span> <span class='ocrx_word' id='word_1_76' title='bbox 968 1225 1045 1284; x_wconf 88' lang='lat' dir='ltr'><strong>heris</strong></span> <span class='ocrx_word' id='word_1_77' title='bbox 1060 1227 1170 1297; x_wconf 86' lang='lat' dir='ltr'><strong>invitis,</strong></span> 
     </span>
     <span class='ocr_line' id='line_1_10' title="bbox 81 1321 1176 1400; baseline 0.005 -20"><span class='ocrx_word' id='word_1_78' title='bbox 81 1322 233 1381; x_wconf 88' lang='lat' dir='ltr'><strong>nonenim</strong></span> <span class='ocrx_word' id='word_1_79' title='bbox 253 1321 442 1399; x_wconf 89' lang='lat' dir='ltr'><strong>subjiciuntur</strong></span> <span class='ocrx_word' id='word_1_80' title='bbox 461 1321 538 1379; x_wconf 90' lang='lat' dir='ltr'><strong>heris</strong></span> <span class='ocrx_word' id='word_1_81' title='bbox 554 1322 632 1379; x_wconf 92' lang='lat' dir='ltr'><strong>iniis</strong></span> <span class='ocrx_word' id='word_1_82' title='bbox 654 1341 716 1394; x_wconf 81' lang='lat' dir='ltr'><strong>quae</strong></span> <span class='ocrx_word' id='word_1_83' title='bbox 736 1333 802 1381; x_wconf 87' lang='lat' dir='ltr'><strong>sunt</strong></span> <span class='ocrx_word' id='word_1_84' title='bbox 816 1325 890 1400; x_wconf 88' lang='lat' dir='ltr'><strong>juris</strong></span> <span class='ocrx_word' id='word_1_85' title='bbox 911 1324 1009 1383; x_wconf 87' lang='lat' dir='ltr'><strong>divini.</strong></span> <span class='ocrx_word' id='word_1_86' title='bbox 1052 1326 1176 1393; x_wconf 84' lang='lat' dir='ltr'><strong>Quodsi</strong></span> 
     </span>
     <span class='ocr_line' id='line_1_11' title="bbox 79 1419 1174 1505; baseline 0.005 -27"><span class='ocrx_word' id='word_1_87' title='bbox 79 1429 180 1498; x_wconf 86' lang='lat' dir='ltr'><strong>urgeat</strong></span> <span class='ocrx_word' id='word_1_88' title='bbox 203 1428 295 1479; x_wconf 90' lang='lat' dir='ltr'><strong>metus</strong></span> <span class='ocrx_word' id='word_1_89' title='bbox 316 1421 379 1479; x_wconf 89' lang='lat' dir='ltr'><strong>heri</strong></span> <span class='ocrx_word' id='word_1_90' title='bbox 396 1419 539 1489; x_wconf 82' lang='lat' dir='ltr'><strong>vindictae,</strong></span> <span class='ocrx_word' id='word_1_91' title='bbox 560 1421 585 1478; x_wconf 92' lang='lat' dir='ltr'><strong>si</strong></span> <span class='ocrx_word' id='word_1_92' title='bbox 605 1422 716 1479; x_wconf 88' lang='lat' dir='ltr'><strong>noverit</strong></span> <span class='ocrx_word' id='word_1_93' title='bbox 735 1440 850 1482; x_wconf 82' lang='lat' dir='ltr'><strong>servum</strong></span> <span class='ocrx_word' id='word_1_94' title='bbox 870 1423 959 1482; x_wconf 85' lang='lat' dir='ltr'><strong>luisse</strong></span> <span class='ocrx_word' id='word_1_95' title='bbox 985 1425 1090 1498; x_wconf 89' lang='lat' dir='ltr'><strong>absque</strong></span> <span class='ocrx_word' id='word_1_96' title='bbox 1111 1428 1174 1505; x_wconf 83' lang='lat' dir='ltr'><strong>ejus</strong></span> 
     </span>
     <span class='ocr_line' id='line_1_12' title="bbox 80 1519 1176 1598; baseline 0.007 -21"><span class='ocrx_word' id='word_1_97' title='bbox 80 1537 237 1588; x_wconf 86' lang='lat' dir='ltr'><strong>consensu,</strong></span> <span class='ocrx_word' id='word_1_98' title='bbox 251 1521 297 1579; x_wconf 87' lang='lat' dir='ltr'><strong>vel</strong></span> <span class='ocrx_word' id='word_1_99' title='bbox 317 1528 414 1579; x_wconf 90' lang='lat' dir='ltr'><strong>contra</strong></span> <span class='ocrx_word' id='word_1_100' title='bbox 434 1521 497 1597; x_wconf 88' lang='lat' dir='ltr'><strong>ejus</strong></span> <span class='ocrx_word' id='word_1_101' title='bbox 518 1519 701 1589; x_wconf 80' lang='lat' dir='ltr'><strong>voluntatem,</strong></span> <span class='ocrx_word' id='word_1_102' title='bbox 716 1521 899 1598; x_wconf 87' lang='lat' dir='ltr'><strong>baptizatum,</strong></span> <span class='ocrx_word' id='word_1_103' title='bbox 915 1543 975 1582; x_wconf 89' lang='lat' dir='ltr'><strong>non</strong></span> <span class='ocrx_word' id='word_1_104' title='bbox 994 1522 1060 1583; x_wconf 92' lang='lat' dir='ltr'><strong>ideo</strong></span> <span class='ocrx_word' id='word_1_105' title='bbox 1079 1525 1176 1585; x_wconf 80' lang='lat' dir='ltr'><strong>licebit</strong></span> 
     </span>
     <span class='ocr_line' id='line_1_13' title="bbox 80 1617 1176 1696; baseline 0.006 -20"><span class='ocrx_word' id='word_1_106' title='bbox 80 1617 224 1696; x_wconf 83' lang='lat' dir='ltr'><strong>denegare</strong></span> <span class='ocrx_word' id='word_1_107' title='bbox 250 1629 458 1678; x_wconf 89' lang='lat' dir='ltr'><strong>sacramentum</strong></span> <span class='ocrx_word' id='word_1_108' title='bbox 484 1637 566 1676; x_wconf 81' lang='lat' dir='ltr'><strong>servo</strong></span> <span class='ocrx_word' id='word_1_109' title='bbox 592 1620 717 1695; x_wconf 89' lang='lat' dir='ltr'><strong>cupienti</strong></span> <span class='ocrx_word' id='word_1_110' title='bbox 736 1639 795 1678; x_wconf 82' lang='lat' dir='ltr'><strong>suae</strong></span> <span class='ocrx_word' id='word_1_111' title='bbox 821 1623 967 1681; x_wconf 91' lang='lat' dir='ltr'><strong>consulere</strong></span> <span class='ocrx_word' id='word_1_112' title='bbox 993 1622 1095 1682; x_wconf 88' lang='lat' dir='ltr'><strong>saluti:</strong></span> <span class='ocrx_word' id='word_1_113' title='bbox 1124 1625 1176 1684; x_wconf 90' lang='lat' dir='ltr'><strong>sed</strong></span> 
     </span>
     <span class='ocr_line' id='line_1_14' title="bbox 81 1717 903 1787; baseline 0.002 -11"><span class='ocrx_word' id='word_1_114' title='bbox 81 1718 177 1776; x_wconf 88' lang='lat' dir='ltr'><strong>omnis</strong></span> <span class='ocrx_word' id='word_1_115' title='bbox 189 1719 299 1776; x_wconf 87' lang='lat' dir='ltr'><strong>cautela</strong></span> <span class='ocrx_word' id='word_1_116' title='bbox 311 1717 473 1777; x_wconf 88' lang='lat' dir='ltr'><strong>adhibenda</strong></span> <span class='ocrx_word' id='word_1_117' title='bbox 486 1719 549 1787; x_wconf 89' lang='lat' dir='ltr'><strong>erit,</strong></span> <span class='ocrx_word' id='word_1_118' title='bbox 560 1727 591 1775; x_wconf 93' lang='lat' dir='ltr'><strong>ut</strong></span> <span class='ocrx_word' id='word_1_119' title='bbox 603 1737 649 1776; x_wconf 90' lang='lat' dir='ltr'><strong>res</strong></span> <span class='ocrx_word' id='word_1_120' title='bbox 664 1737 723 1777; x_wconf 92' lang='lat' dir='ltr'><strong>non</strong></span> <span class='ocrx_word' id='word_1_121' title='bbox 736 1719 903 1778; x_wconf 90' lang='lat' dir='ltr'><strong>innotescat.</strong></span> 
     </span>
    </p>

    <p class='ocr_par' dir='ltr' id='par_1_4' title="bbox 78 1816 1211 2786">
     <span class='ocr_line' id='line_1_15' title="bbox 120 1816 1177 1896; baseline 0.007 -23"><span class='ocrx_word' id='word_1_122' title='bbox 120 1820 171 1874; x_wconf 79' lang='grc'><strong>28.</strong></span> <span class='ocrx_word' id='word_1_123' title='bbox 192 1817 319 1875; x_wconf 83' lang='lat' dir='ltr'><strong>Infantes</strong></span> <span class='ocrx_word' id='word_1_124' title='bbox 335 1819 543 1896; x_wconf 83' lang='lat' dir='ltr'><strong>mancipiorum</strong></span> <span class='ocrx_word' id='word_1_125' title='bbox 557 1816 693 1894; x_wconf 90' lang='lat' dir='ltr'><strong>baptizari</strong></span> <span class='ocrx_word' id='word_1_126' title='bbox 703 1827 836 1893; x_wconf 90' lang='lat' dir='ltr'><strong>possunt,</strong></span> <span class='ocrx_word' id='word_1_127' title='bbox 851 1821 1014 1895; x_wconf 89' lang='lat' dir='ltr'><strong>parentibus</strong></span> <span class='ocrx_word' id='word_1_128' title='bbox 1027 1821 1136 1889; x_wconf 83' lang='lat' dir='ltr'><strong>invitis,</strong></span> <span class='ocrx_word' id='word_1_129' title='bbox 1151 1824 1177 1881; x_wconf 86' lang='lat' dir='ltr'><strong>si</strong></span> 
     </span>
     <span class='ocr_line' id='line_1_16' title="bbox 81 1915 1177 1994; baseline 0.005 -21"><span class='ocrx_word' id='word_1_130' title='bbox 81 1915 194 1974; x_wconf 89' lang='lat' dir='ltr'><strong>domini</strong></span> <span class='ocrx_word' id='word_1_131' title='bbox 207 1916 246 1973; x_wconf 88' lang='lat' dir='ltr'><strong>ita</strong></span> <span class='ocrx_word' id='word_1_132' title='bbox 259 1916 365 1975; x_wconf 87' lang='lat' dir='ltr'><strong>velint:</strong></span> <span class='ocrx_word' id='word_1_133' title='bbox 388 1918 455 1990; x_wconf 89' lang='lat' dir='ltr'><strong>quia</strong></span> <span class='ocrx_word' id='word_1_134' title='bbox 468 1924 593 1994; x_wconf 88' lang='lat' dir='ltr'><strong>potestas</strong></span> <span class='ocrx_word' id='word_1_135' title='bbox 608 1916 788 1974; x_wconf 91' lang='lat' dir='ltr'><strong>dominorum</strong></span> <span class='ocrx_word' id='word_1_136' title='bbox 803 1918 833 1974; x_wconf 93' lang='lat' dir='ltr'><strong>in</strong></span> <span class='ocrx_word' id='word_1_137' title='bbox 846 1935 896 1975; x_wconf 89' lang='lat' dir='ltr'><strong>eos</strong></span> <span class='ocrx_word' id='word_1_138' title='bbox 909 1917 994 1994; x_wconf 89' lang='lat' dir='ltr'><strong>plena</strong></span> <span class='ocrx_word' id='word_1_139' title='bbox 1006 1927 1058 1987; x_wconf 92' lang='lat' dir='ltr'><strong>est,</strong></span> <span class='ocrx_word' id='word_1_140' title='bbox 1070 1928 1098 1976; x_wconf 91' lang='lat' dir='ltr'><strong>et</strong></span> <span class='ocrx_word' id='word_1_141' title='bbox 1111 1938 1177 1979; x_wconf 90' lang='lat' dir='ltr'><strong>curn</strong></span> 
     </span>
     <span class='ocr_line' id='line_1_17' title="bbox 81 2014 1177 2077; baseline 0.005 -5"><span class='ocrx_word' id='word_1_142' title='bbox 81 2033 182 2074; x_wconf 89' lang='lat' dir='ltr'><strong>eorum</strong></span> <span class='ocrx_word' id='word_1_143' title='bbox 203 2015 323 2074; x_wconf 84' lang='lat' dir='ltr'><strong>utilitate</strong></span> <span class='ocrx_word' id='word_1_144' title='bbox 343 2015 493 2076; x_wconf 87' lang='lat' dir='ltr'><strong>adhibetur</strong></span> <span class='ocrx_word' id='word_1_145' title='bbox 512 2014 548 2072; x_wconf 91' lang='lat' dir='ltr'><strong>ad</strong></span> <span class='ocrx_word' id='word_1_146' title='bbox 568 2016 651 2074; x_wconf 89' lang='lat' dir='ltr'><strong>saluti</strong></span> <span class='ocrx_word' id='word_1_147' title='bbox 671 2015 898 2074; x_wconf 89' lang='lat' dir='ltr'><strong>consulendum:</strong></span> <span class='ocrx_word' id='word_1_148' title='bbox 929 2014 1062 2075; x_wconf 89' lang='lat' dir='ltr'><strong>dominos</strong></span> <span class='ocrx_word' id='word_1_149' title='bbox 1083 2027 1177 2077; x_wconf 91' lang='lat' dir='ltr'><strong>autem</strong></span> 
     </span>
     <span class='ocr_line' id='line_1_18' title="bbox 81 2111 1178 2191; baseline 0.004 -20"><span class='ocrx_word' id='word_1_150' title='bbox 81 2113 184 2172; x_wconf 87' lang='lat' dir='ltr'><strong>saltem</strong></span> <span class='ocrx_word' id='word_1_151' title='bbox 198 2132 236 2172; x_wconf 87' lang='lat' dir='ltr'><strong>ex</strong></span> <span class='ocrx_word' id='word_1_152' title='bbox 250 2115 384 2173; x_wconf 83' lang='lat' dir='ltr'><strong>charitate</strong></span> <span class='ocrx_word' id='word_1_153' title='bbox 395 2116 484 2175; x_wconf 89' lang='lat' dir='ltr'><strong>teneri</strong></span> <span class='ocrx_word' id='word_1_154' title='bbox 498 2112 532 2172; x_wconf 92' lang='lat' dir='ltr'><strong>ad</strong></span> <span class='ocrx_word' id='word_1_155' title='bbox 546 2132 596 2171; x_wconf 90' lang='lat' dir='ltr'><strong>eos</strong></span> <span class='ocrx_word' id='word_1_156' title='bbox 609 2123 641 2173; x_wconf 91' lang='lat' dir='ltr'><strong>ut</strong></span> <span class='ocrx_word' id='word_1_157' title='bbox 652 2111 845 2191; x_wconf 85' lang='lat' dir='ltr'><strong>baptizentur¹</strong></span> <span class='ocrx_word' id='word_1_158' title='bbox 858 2114 1019 2174; x_wconf 86' lang='lat' dir='ltr'><strong>afferendos</strong></span> <span class='ocrx_word' id='word_1_159' title='bbox 1033 2117 1178 2176; x_wconf 88' lang='lat' dir='ltr'><strong>contendit</strong></span> 
     </span>
     <span class='ocr_line' id='line_1_19' title="bbox 80 2209 1176 2290; baseline 0.004 -19"><span class='ocrx_word' id='word_1_160' title='bbox 80 2209 237 2271; x_wconf 68' lang='lat' dir='ltr'><strong>alutoiue.²</strong></span> <span class='ocrx_word' id='word_1_161' title='bbox 277 2214 435 2288; x_wconf 88' lang='lat' dir='ltr'><strong>Nequeunt</strong></span> <span class='ocrx_word' id='word_1_162' title='bbox 447 2223 540 2272; x_wconf 91' lang='lat' dir='ltr'><strong>autem</strong></span> <span class='ocrx_word' id='word_1_163' title='bbox 550 2214 688 2290; x_wconf 89' lang='lat' dir='ltr'><strong>baptizari</strong></span> <span class='ocrx_word' id='word_1_164' title='bbox 699 2216 863 2290; x_wconf 90' lang='lat' dir='ltr'><strong>parentibus</strong></span> <span class='ocrx_word' id='word_1_165' title='bbox 875 2213 1056 2288; x_wconf 83' lang='lat' dir='ltr'><strong>dominisque</strong></span> <span class='ocrx_word' id='word_1_166' title='bbox 1069 2217 1176 2286; x_wconf 83' lang='lat' dir='ltr'><strong>invitis,</strong></span> 
     </span>
     <span class='ocr_line' id='line_1_20' title="bbox 80 2312 1178 2390; baseline 0.002 -19"><span class='ocrx_word' id='word_1_167' title='bbox 80 2314 140 2371; x_wconf 88' lang='lat' dir='ltr'><strong>nisi</strong></span> <span class='ocrx_word' id='word_1_168' title='bbox 161 2312 191 2370; x_wconf 93' lang='lat' dir='ltr'><strong>iu</strong></span> <span class='ocrx_word' id='word_1_169' title='bbox 214 2323 343 2371; x_wconf 85' lang='lat' dir='ltr'><strong>extremo</strong></span> <span class='ocrx_word' id='word_1_170' title='bbox 365 2316 431 2373; x_wconf 83' lang='lat' dir='ltr'><strong>vitae</strong></span> <span class='ocrx_word' id='word_1_171' title='bbox 456 2312 633 2381; x_wconf 85' lang='lat' dir='ltr'><strong>discrimine,</strong></span> <span class='ocrx_word' id='word_1_172' title='bbox 655 2314 721 2385; x_wconf 90' lang='lat' dir='ltr'><strong>quia</strong></span> <span class='ocrx_word' id='word_1_173' title='bbox 747 2332 835 2386; x_wconf 91' lang='lat' dir='ltr'><strong>quum</strong></span> <span class='ocrx_word' id='word_1_174' title='bbox 858 2332 947 2390; x_wconf 88' lang='lat' dir='ltr'><strong>penes</strong></span> <span class='ocrx_word' id='word_1_175' title='bbox 970 2334 1020 2373; x_wconf 90' lang='lat' dir='ltr'><strong>eos</strong></span> <span class='ocrx_word' id='word_1_176' title='bbox 1043 2326 1178 2375; x_wconf 89' lang='lat' dir='ltr'><strong>maneant</strong></span> 
     </span>
     <span class='ocr_line' id='line_1_21' title="bbox 78 2412 1175 2491; baseline 0.002 -21"><span class='ocrx_word' id='word_1_177' title='bbox 78 2413 172 2490; x_wconf 91' lang='lat' dir='ltr'><strong>pueri,</strong></span> <span class='ocrx_word' id='word_1_178' title='bbox 196 2430 255 2471; x_wconf 90' lang='lat' dir='ltr'><strong>uon</strong></span> <span class='ocrx_word' id='word_1_179' title='bbox 274 2423 394 2488; x_wconf 82' lang='lat' dir='ltr'><strong>possent</strong></span> <span class='ocrx_word' id='word_1_180' title='bbox 413 2412 567 2471; x_wconf 90' lang='lat' dir='ltr'><strong>christiano</strong></span> <span class='ocrx_word' id='word_1_181' title='bbox 587 2430 667 2470; x_wconf 91' lang='lat' dir='ltr'><strong>more</strong></span> <span class='ocrx_word' id='word_1_182' title='bbox 694 2413 814 2482; x_wconf 90' lang='lat' dir='ltr'><strong>institui,</strong></span> <span class='ocrx_word' id='word_1_183' title='bbox 835 2412 958 2487; x_wconf 89' lang='lat' dir='ltr'><strong>ideoque</strong></span> <span class='ocrx_word' id='word_1_184' title='bbox 985 2415 1175 2491; x_wconf 87' lang='lat' dir='ltr'><strong>“baptismus</strong></span> 
     </span>
     <span class='ocr_line' id='line_1_22' title="bbox 81 2509 1176 2590; baseline 0.003 -21"><span class='ocrx_word' id='word_1_185' title='bbox 81 2509 237 2570; x_wconf 83' lang='lat' dir='ltr'><strong>manifesto</strong></span> <span class='ocrx_word' id='word_1_186' title='bbox 257 2512 386 2587; x_wconf 89' lang='lat' dir='ltr'><strong>periculo</strong></span> <span class='ocrx_word' id='word_1_187' title='bbox 411 2511 626 2589; x_wconf 82' lang='lat' dir='ltr'><strong>profanationis,</strong></span> <span class='ocrx_word' id='word_1_188' title='bbox 648 2519 676 2568; x_wconf 89' lang='lat' dir='ltr'><strong>et</strong></span> <span class='ocrx_word' id='word_1_189' title='bbox 694 2511 853 2588; x_wconf 89' lang='lat' dir='ltr'><strong>baptizatus</strong></span> <span class='ocrx_word' id='word_1_190' title='bbox 873 2513 1002 2589; x_wconf 88' lang='lat' dir='ltr'><strong>periculo</strong></span> <span class='ocrx_word' id='word_1_191' title='bbox 1028 2516 1176 2590; x_wconf 78' lang='lat' dir='ltr'><strong>apostasioe</strong></span> 
     </span>
     <span class='ocr_line' id='line_1_23' title="bbox 82 2605 1211 2687; baseline 0.002 -20"><span class='ocrx_word' id='word_1_192' title='bbox 82 2621 264 2687; x_wconf 74' lang='lat' dir='ltr'><strong>exponetur:</strong></span> <span class='ocrx_word' id='word_1_193' title='bbox 297 2630 363 2670; x_wconf 94' lang='lat' dir='ltr'><strong>cum</strong></span> <span class='ocrx_word' id='word_1_194' title='bbox 389 2620 501 2670; x_wconf 87' lang='lat' dir='ltr'><strong>constet</strong></span> <span class='ocrx_word' id='word_1_195' title='bbox 527 2629 591 2668; x_wconf 93' lang='lat' dir='ltr'><strong>eum</strong></span> <span class='ocrx_word' id='word_1_196' title='bbox 619 2611 649 2668; x_wconf 93' lang='lat' dir='ltr'><strong>in</strong></span> <span class='ocrx_word' id='word_1_197' title='bbox 675 2610 838 2668; x_wconf 88' lang='lat' dir='ltr'><strong>infidelitate</strong></span> <span class='ocrx_word' id='word_1_198' title='bbox 862 2605 1094 2669; x_wconf 81' lang='lat' dir='ltr'><strong>educandum.&#39;’³</strong></span> <span class='ocrx_word' id='word_1_199' title='bbox 1145 2613 1178 2670; x_wconf 86' lang='lat' dir='ltr'><strong>Si</strong></span> <span class='ocrx_word' id='word_1_200' title='bbox 1209 2612 1211 2615; x_wconf 74' lang='grc'>’</span> 
     </span>
     <span class='ocr_line' id='line_1_24' title="bbox 83 2709 1179 2786; baseline 0.001 -20"><span class='ocrx_word' id='word_1_201' title='bbox 83 2718 219 2786; x_wconf 89' lang='lat' dir='ltr'><strong>parentes</strong></span> <span class='ocrx_word' id='word_1_202' title='bbox 239 2710 336 2778; x_wconf 89' lang='lat' dir='ltr'><strong>velint,</strong></span> <span class='ocrx_word' id='word_1_203' title='bbox 351 2709 475 2769; x_wconf 89' lang='lat' dir='ltr'><strong>dominis</strong></span> <span class='ocrx_word' id='word_1_204' title='bbox 495 2710 728 2786; x_wconf 84' lang='lat' dir='ltr'><strong>repugnantibus,</strong></span> <span class='ocrx_word' id='word_1_205' title='bbox 743 2718 863 2786; x_wconf 89' lang='lat' dir='ltr'><strong>possunt</strong></span> <span class='ocrx_word' id='word_1_206' title='bbox 876 2710 928 2768; x_wconf 85' lang='lat' dir='ltr'><strong>lilii</strong></span> <span class='ocrx_word' id='word_1_207' title='bbox 947 2710 1096 2784; x_wconf 87' lang='lat' dir='ltr'><strong>baptizari,</strong></span> <span class='ocrx_word' id='word_1_208' title='bbox 1111 2711 1179 2783; x_wconf 90' lang='lat' dir='ltr'><strong>quia</strong></span> 
     </span>
    </p>
   </div>
   <div class='ocr_carea' id='block_1_3' title="bbox 85 2906 1180 3679">
    <p class='ocr_par' dir='ltr' id='par_1_5' title="bbox 85 2906 1179 3286">
     <span class='ocr_line' id='line_1_25' title="bbox 85 2906 1176 2984; baseline 0 -19"><span class='ocrx_word' id='word_1_209' title='bbox 85 2919 179 2965; x_wconf 90' lang='lat' dir='ltr'><strong>tamen</strong></span> <span class='ocrx_word' id='word_1_210' title='bbox 188 2907 293 2966; x_wconf 93' lang='lat' dir='ltr'><strong>debent</strong></span> <span class='ocrx_word' id='word_1_211' title='bbox 300 2909 424 2967; x_wconf 89' lang='lat' dir='ltr'><strong>studium</strong></span> <span class='ocrx_word' id='word_1_212' title='bbox 433 2926 518 2967; x_wconf 90' lang='lat' dir='ltr'><strong>omne</strong></span> <span class='ocrx_word' id='word_1_213' title='bbox 528 2926 635 2984; x_wconf 90' lang='lat' dir='ltr'><strong>ponere</strong></span> <span class='ocrx_word' id='word_1_214' title='bbox 645 2909 674 2965; x_wconf 90' lang='lat' dir='ltr'><strong>in</strong></span> <span class='ocrx_word' id='word_1_215' title='bbox 684 2908 719 2965; x_wconf 88' lang='lat' dir='ltr'><strong>iis</strong></span> <span class='ocrx_word' id='word_1_216' title='bbox 728 2906 883 2964; x_wconf 90' lang='lat' dir='ltr'><strong>christiano</strong></span> <span class='ocrx_word' id='word_1_217' title='bbox 894 2925 974 2965; x_wconf 91' lang='lat' dir='ltr'><strong>more</strong></span> <span class='ocrx_word' id='word_1_218' title='bbox 985 2906 1176 2965; x_wconf 85' lang='lat' dir='ltr'><strong>instituendis.</strong></span> 
     </span>
     <span class='ocr_line' id='line_1_26' title="bbox 85 3002 1177 3085; baseline -0.002 -21"><span class='ocrx_word' id='word_1_219' title='bbox 85 3007 117 3065; x_wconf 89' lang='lat' dir='ltr'><strong>Si</strong></span> <span class='ocrx_word' id='word_1_220' title='bbox 131 3006 292 3066; x_wconf 88' lang='lat' dir='ltr'><strong>alterutere</strong></span> <span class='ocrx_word' id='word_1_221' title='bbox 305 3008 470 3085; x_wconf 87' lang='lat' dir='ltr'><strong>parentibus</strong></span> <span class='ocrx_word' id='word_1_222' title='bbox 484 3002 580 3075; x_wconf 84' lang='lat' dir='ltr'><strong>velit,⁴</strong></span> <span class='ocrx_word' id='word_1_223' title='bbox 594 3007 640 3064; x_wconf 90' lang='lat' dir='ltr'><strong>vel</strong></span> <span class='ocrx_word' id='word_1_224' title='bbox 653 3005 716 3063; x_wconf 89' lang='lat' dir='ltr'><strong>heri</strong></span> <span class='ocrx_word' id='word_1_225' title='bbox 729 3023 814 3072; x_wconf 84' lang='lat' dir='ltr'><strong>uxor,</strong></span> <span class='ocrx_word' id='word_1_226' title='bbox 829 3004 910 3062; x_wconf 91' lang='lat' dir='ltr'><strong>debet</strong></span> <span class='ocrx_word' id='word_1_227' title='bbox 922 3005 1015 3063; x_wconf 84' lang='lat' dir='ltr'><strong>iulans</strong></span> <span class='ocrx_word' id='word_1_228' title='bbox 1028 3007 1177 3081; x_wconf 86' lang='lat' dir='ltr'><strong>baptizari,</strong></span> 
     </span>
     <span class='ocr_line' id='line_1_27' title="bbox 86 3103 1179 3184; baseline -0.001 -20"><span class='ocrx_word' id='word_1_229' title='bbox 86 3107 153 3178; x_wconf 91' lang='lat' dir='ltr'><strong>quia</strong></span> <span class='ocrx_word' id='word_1_230' title='bbox 172 3107 304 3166; x_wconf 85' lang='lat' dir='ltr'><strong>voluntas</strong></span> <span class='ocrx_word' id='word_1_231' title='bbox 325 3109 404 3184; x_wconf 89' lang='lat' dir='ltr'><strong>justa</strong></span> <span class='ocrx_word' id='word_1_232' title='bbox 424 3105 508 3164; x_wconf 90' lang='lat' dir='ltr'><strong>debet</strong></span> <span class='ocrx_word' id='word_1_233' title='bbox 520 3107 633 3183; x_wconf 83' lang='lat' dir='ltr'><strong>injustae</strong></span> <span class='ocrx_word' id='word_1_234' title='bbox 653 3104 826 3182; x_wconf 88' lang='lat' dir='ltr'><strong>praevalere:</strong></span> <span class='ocrx_word' id='word_1_235' title='bbox 853 3104 905 3162; x_wconf 85' lang='lat' dir='ltr'><strong>sed</strong></span> <span class='ocrx_word' id='word_1_236' title='bbox 924 3123 1028 3182; x_wconf 86' lang='lat' dir='ltr'><strong>magua</strong></span> <span class='ocrx_word' id='word_1_237' title='bbox 1047 3103 1179 3182; x_wconf 88' lang='lat' dir='ltr'><strong>ponenda</strong></span> 
     </span>
     <span class='ocr_line' id='line_1_28' title="bbox 86 3203 793 3286; baseline 0 -24"><span class='ocrx_word' id='word_1_238' title='bbox 86 3215 128 3262; x_wconf 90' lang='lat' dir='ltr'><strong>est</strong></span> <span class='ocrx_word' id='word_1_239' title='bbox 141 3203 291 3283; x_wconf 85' lang='lat' dir='ltr'><strong>diligentie</strong></span> <span class='ocrx_word' id='word_1_240' title='bbox 304 3209 333 3265; x_wconf 91' lang='lat' dir='ltr'><strong>in</strong></span> <span class='ocrx_word' id='word_1_241' title='bbox 347 3206 500 3266; x_wconf 87' lang='lat' dir='ltr'><strong>christiana</strong></span> <span class='ocrx_word' id='word_1_242' title='bbox 508 3207 595 3286; x_wconf 90' lang='lat' dir='ltr'><strong>pueri</strong></span> <span class='ocrx_word' id='word_1_243' title='bbox 607 3205 793 3263; x_wconf 87' lang='lat' dir='ltr'><strong>institutione.</strong></span> 
     </span>
    </p>

    <p class='ocr_par' dir='ltr' id='par_1_6' title="bbox 86 3303 1180 3679">
     <span class='ocr_line' id='line_1_29' title="bbox 124 3303 1179 3381; baseline 0.001 -20"><span class='ocrx_word' id='word_1_244' title='bbox 124 3307 174 3362; x_wconf 81' lang='lat'><strong>29.</strong></span> <span class='ocrx_word' id='word_1_245' title='bbox 197 3305 324 3364; x_wconf 86' lang='lat' dir='ltr'><strong>infantes</strong></span> <span class='ocrx_word' id='word_1_246' title='bbox 343 3304 503 3365; x_wconf 84' lang='lat' dir='ltr'><strong>infidelium</strong></span> <span class='ocrx_word' id='word_1_247' title='bbox 517 3303 672 3366; x_wconf 89' lang='lat' dir='ltr'><strong>liberorum</strong></span> <span class='ocrx_word' id='word_1_248' title='bbox 692 3312 838 3377; x_wconf 89' lang='lat' dir='ltr'><strong>nequeunt</strong></span> <span class='ocrx_word' id='word_1_249' title='bbox 857 3304 998 3380; x_wconf 85' lang='lat' dir='ltr'><strong>baptizari</strong></span> <span class='ocrx_word' id='word_1_250' title='bbox 1015 3304 1111 3363; x_wconf 85' lang='lat' dir='ltr'><strong>invitis</strong></span> <span class='ocrx_word' id='word_1_251' title='bbox 1131 3323 1179 3381; x_wconf 91' lang='lat' dir='ltr'><strong>pa·</strong></span> 
     </span>
     <span class='ocr_line' id='line_1_30' title="bbox 86 3401 1178 3472; baseline 0.003 -12"><span class='ocrx_word' id='word_1_252' title='bbox 86 3404 223 3472; x_wconf 86' lang='lat' dir='ltr'><strong>rentibus,</strong></span> <span class='ocrx_word' id='word_1_253' title='bbox 251 3404 308 3463; x_wconf 90' lang='lat' dir='ltr'><strong>nisi</strong></span> <span class='ocrx_word' id='word_1_254' title='bbox 333 3406 363 3463; x_wconf 92' lang='lat' dir='ltr'><strong>in</strong></span> <span class='ocrx_word' id='word_1_255' title='bbox 388 3413 517 3462; x_wconf 81' lang='lat' dir='ltr'><strong>extremo</strong></span> <span class='ocrx_word' id='word_1_256' title='bbox 543 3405 607 3462; x_wconf 74' lang='lat' dir='ltr'><strong>vitae</strong></span> <span class='ocrx_word' id='word_1_257' title='bbox 639 3401 825 3461; x_wconf 88' lang='lat' dir='ltr'><strong>discrimine:</strong></span> <span class='ocrx_word' id='word_1_258' title='bbox 860 3403 1013 3463; x_wconf 86' lang='lat' dir='ltr'><strong>declararit</strong></span> <span class='ocrx_word' id='word_1_259' title='bbox 1041 3403 1118 3462; x_wconf 89' lang='lat' dir='ltr'><strong>enim</strong></span> <span class='ocrx_word' id='word_1_260' title='bbox 1144 3403 1178 3463; x_wconf 87' lang='lat' dir='ltr'><strong>S.</strong></span> 
     </span>
     <span class='ocr_line' id='line_1_31' title="bbox 88 3500 1177 3580; baseline 0.003 -22"><span class='ocrx_word' id='word_1_261' title='bbox 88 3500 283 3580; x_wconf 74' lang='lat' dir='ltr'><strong>congregatio</strong></span> <span class='ocrx_word' id='word_1_262' title='bbox 297 3503 329 3561; x_wconf 77' lang='lat' dir='ltr'><strong>S.</strong></span> <span class='ocrx_word' id='word_1_263' title='bbox 345 3501 453 3571; x_wconf 91' lang='lat' dir='ltr'><strong>Officii,</strong></span> <span class='ocrx_word' id='word_1_264' title='bbox 468 3503 514 3561; x_wconf 89' lang='lat' dir='ltr'><strong>die</strong></span> <span class='ocrx_word' id='word_1_265' title='bbox 532 3507 568 3560; x_wconf 80' lang='lat'><strong>18</strong></span> <span class='ocrx_word' id='word_1_266' title='bbox 582 3500 728 3560; x_wconf 86' lang='lat' dir='ltr'><strong>Februarii</strong></span> <span class='ocrx_word' id='word_1_267' title='bbox 742 3521 818 3561; x_wconf 90' lang='lat' dir='ltr'><strong>anno</strong></span> <span class='ocrx_word' id='word_1_268' title='bbox 835 3507 922 3571; x_wconf 80' lang='lat'><strong>1705,</strong></span> <span class='ocrx_word' id='word_1_269' title='bbox 936 3502 966 3562; x_wconf 89' lang='lat' dir='ltr'><strong>id</strong></span> <span class='ocrx_word' id='word_1_270' title='bbox 979 3512 999 3539; x_wconf 81' lang='lat'><strong>‘⁴</strong></span> <span class='ocrx_word' id='word_1_271' title='bbox 1009 3522 1067 3562; x_wconf 90' lang='lat' dir='ltr'><strong>nou</strong></span> <span class='ocrx_word' id='word_1_272' title='bbox 1080 3503 1177 3572; x_wconf 89' lang='lat' dir='ltr'><strong>licere,</strong></span> 
     </span>
     <span class='ocr_line' id='line_1_32' title="bbox 88 3600 1180 3679; baseline 0 -21"><span class='ocrx_word' id='word_1_273' title='bbox 88 3602 143 3660; x_wconf 88' lang='lat' dir='ltr'><strong>nisi</strong></span> <span class='ocrx_word' id='word_1_274' title='bbox 153 3604 183 3661; x_wconf 91' lang='lat' dir='ltr'><strong>in</strong></span> <span class='ocrx_word' id='word_1_275' title='bbox 199 3603 318 3661; x_wconf 93' lang='lat' dir='ltr'><strong>articulo</strong></span> <span class='ocrx_word' id='word_1_276' title='bbox 332 3603 430 3661; x_wconf 88' lang='lat' dir='ltr'><strong>mortis</strong></span> <span class='ocrx_word' id='word_1_277' title='bbox 441 3602 471 3659; x_wconf 86' lang='lat'><strong>:&#39;’</strong></span> <span class='ocrx_word' id='word_1_278' title='bbox 488 3603 555 3674; x_wconf 90' lang='lat' dir='ltr'><strong>quia</strong></span> <span class='ocrx_word' id='word_1_279' title='bbox 569 3609 589 3637; x_wconf 87' lang='lat'>“</span> <span class='ocrx_word' id='word_1_280' title='bbox 598 3600 756 3659; x_wconf 90' lang='lat' dir='ltr'><strong>secundum</strong></span> <span class='ocrx_word' id='word_1_281' title='bbox 766 3603 816 3679; x_wconf 88' lang='lat' dir='ltr'><strong>jus</strong></span> <span class='ocrx_word' id='word_1_282' title='bbox 830 3601 955 3660; x_wconf 89' lang='lat' dir='ltr'><strong>naturale</strong></span> <span class='ocrx_word' id='word_1_283' title='bbox 965 3611 1032 3661; x_wconf 90' lang='lat' dir='ltr'><strong>sunt</strong></span> <span class='ocrx_word' id='word_1_284' title='bbox 1045 3602 1098 3660; x_wconf 90' lang='lat' dir='ltr'><strong>sub</strong></span> <span class='ocrx_word' id='word_1_285' title='bbox 1113 3620 1180 3659; x_wconf 90' lang='lat' dir='ltr'><strong>cura</strong></span> 
     </span>
    </p>
   </div>
   <div class='ocr_carea' id='block_1_4' title="bbox 88 3697 1181 4075">
    <p class='ocr_par' dir='ltr' id='par_1_7' title="bbox 88 3697 1179 3976">
     <span class='ocr_line' id='line_1_33' title="bbox 89 3697 1179 3781; baseline -0.003 -22"><span class='ocrx_word' id='word_1_286' title='bbox 89 3711 249 3777; x_wconf 91' lang='lat' dir='ltr'><strong>parentum,</strong></span> <span class='ocrx_word' id='word_1_287' title='bbox 268 3700 405 3775; x_wconf 90' lang='lat' dir='ltr'><strong>quamdiu</strong></span> <span class='ocrx_word' id='word_1_288' title='bbox 424 3701 482 3778; x_wconf 90' lang='lat' dir='ltr'><strong>ipsi</strong></span> <span class='ocrx_word' id='word_1_289' title='bbox 501 3701 557 3759; x_wconf 92' lang='lat' dir='ltr'><strong>sibi</strong></span> <span class='ocrx_word' id='word_1_290' title='bbox 577 3700 726 3776; x_wconf 86' lang='lat' dir='ltr'><strong>providere</strong></span> <span class='ocrx_word' id='word_1_291' title='bbox 746 3719 804 3758; x_wconf 93' lang='lat' dir='ltr'><strong>uon</strong></span> <span class='ocrx_word' id='word_1_292' title='bbox 825 3709 960 3776; x_wconf 87' lang='lat' dir='ltr'><strong>possunt:</strong></span> <span class='ocrx_word' id='word_1_293' title='bbox 974 3742 981 3758; x_wconf 89' lang='lat'><em>.</em></span> <span class='ocrx_word' id='word_1_294' title='bbox 994 3740 1002 3758; x_wconf 86' lang='lat'><strong>.</strong></span> <span class='ocrx_word' id='word_1_295' title='bbox 1014 3741 1044 3781; x_wconf 88' lang='lat'><strong>.··</strong></span> <span class='ocrx_word' id='word_1_296' title='bbox 1066 3710 1095 3756; x_wconf 91' lang='lat' dir='ltr'><strong>et</strong></span> <span class='ocrx_word' id='word_1_297' title='bbox 1113 3697 1179 3756; x_wconf 90' lang='lat' dir='ltr'><strong>ideo</strong></span> 
     </span>
     <span class='ocr_line' id='line_1_34' title="bbox 89 3796 1177 3878; baseline -0.004 -22"><span class='ocrx_word' id='word_1_298' title='bbox 89 3809 185 3859; x_wconf 89' lang='lat' dir='ltr'><strong>contra</strong></span> <span class='ocrx_word' id='word_1_299' title='bbox 201 3802 343 3878; x_wconf 89' lang='lat' dir='ltr'><strong>justitiam</strong></span> <span class='ocrx_word' id='word_1_300' title='bbox 363 3800 519 3860; x_wconf 87' lang='lat' dir='ltr'><strong>naturalem</strong></span> <span class='ocrx_word' id='word_1_301' title='bbox 540 3808 626 3867; x_wconf 86' lang='lat' dir='ltr'><strong>esset,</strong></span> <span class='ocrx_word' id='word_1_302' title='bbox 639 3796 772 3875; x_wconf 64' lang='grc' dir='ltr'><strong>εζΜ</strong></span> <span class='ocrx_word' id='word_1_303' title='bbox 798 3801 869 3868; x_wconf 89' lang='lat' dir='ltr'><strong>ueri,</strong></span> <span class='ocrx_word' id='word_1_304' title='bbox 885 3799 982 3856; x_wconf 87' lang='lat' dir='ltr'><strong>invitis</strong></span> <span class='ocrx_word' id='word_1_305' title='bbox 1003 3797 1177 3873; x_wconf 88' lang='lat' dir='ltr'><strong>parentibus,</strong></span> 
     </span>
     <span class='ocr_line' id='line_1_35' title="bbox 88 3899 673 3976; baseline 0.004 -20"><span class='ocrx_word' id='word_1_306' title='bbox 88 3899 312 3976; x_wconf 85' lang='lat' dir='ltr'><strong>baptizarentur:</strong></span> <span class='ocrx_word' id='word_1_307' title='bbox 335 3899 408 3958; x_wconf 88' lang='lat' dir='ltr'><strong>sicut</strong></span> <span class='ocrx_word' id='word_1_308' title='bbox 420 3901 506 3958; x_wconf 88' lang='lat' dir='ltr'><strong>etiam</strong></span> <span class='ocrx_word' id='word_1_309' title='bbox 517 3901 543 3958; x_wconf 89' lang='lat' dir='ltr'><strong>si</strong></span> <span class='ocrx_word' id='word_1_310' title='bbox 558 3899 646 3972; x_wconf 88' lang='lat' dir='ltr'><strong>aliqui</strong></span> <span class='ocrx_word' id='word_1_311' title='bbox 665 3964 673 3971; x_wconf 62' lang='grc'><strong>,</strong></span> 
     </span>
    </p>

    <p class='ocr_par' dir='ltr' id='par_1_8' title="bbox 90 3978 1181 4075">
     <span class='ocr_line' id='line_1_36' title="bbox 90 3978 1181 4075; baseline -0.005 -19"><span class='ocrx_word' id='word_1_312' title='bbox 90 4007 132 4056; x_wconf 86' lang='lat' dir='ltr'><strong>tur</strong></span> <span class='ocrx_word' id='word_1_313' title='bbox 151 3999 266 4057; x_wconf 90' lang='lat' dir='ltr'><strong>invitus.</strong></span> <span class='ocrx_word' id='word_1_314' title='bbox 308 3999 397 4057; x_wconf 86' lang='lat' dir='ltr'><strong>Esset</strong></span> <span class='ocrx_word' id='word_1_315' title='bbox 409 4000 494 4058; x_wconf 87' lang='lat' dir='ltr'><strong>etiam</strong></span> <span class='ocrx_word' id='word_1_316' title='bbox 515 3978 724 4075; x_wconf 54' lang='lat' dir='ltr'><strong>periculosum*</strong></span> <span class='ocrx_word' id='word_1_317' title='bbox 785 3980 789 3989; x_wconf 51' lang='lat'>¹</span> <span class='ocrx_word' id='word_1_318' title='bbox 803 4015 817 4053; x_wconf 93' lang='lat' dir='ltr'><strong>r</strong></span> <span class='ocrx_word' id='word_1_319' title='bbox 829 3995 905 4053; x_wconf 87' lang='lat' dir='ltr'><strong>filios</strong></span> <span class='ocrx_word' id='word_1_320' title='bbox 918 3993 1076 4052; x_wconf 88' lang='lat' dir='ltr'><strong>infidelium</strong></span> <span class='ocrx_word' id='word_1_321' title='bbox 1090 3994 1181 4070; x_wconf 89' lang='lat' dir='ltr'><strong>bapti·</strong></span> 
     </span>
    </p>
   </div>
   <div class='ocr_carea' id='block_1_5' title="bbox 125 4228 1146 4388">
    <p class='ocr_par' dir='ltr' id='par_1_9' title="bbox 125 4228 1146 4388">
     <span class='ocr_line' id='line_1_37' title="bbox 125 4228 1146 4300; baseline -0.001 -22"><span class='ocrx_word' id='word_1_322' title='bbox 125 4233 166 4297; x_wconf 92' lang='lat' dir='ltr'><strong>(l)</strong></span> <span class='ocrx_word' id='word_1_323' title='bbox 185 4230 216 4280; x_wconf 86' lang='lat' dir='ltr'><strong>L.</strong></span> <span class='ocrx_word' id='word_1_324' title='bbox 228 4232 261 4282; x_wconf 85' lang='lat' dir='ltr'><strong>vi.</strong></span> <span class='ocrx_word' id='word_1_325' title='bbox 273 4247 298 4281; x_wconf 93' lang='lat' dir='ltr'><strong>n.</strong></span> <span class='ocrx_word' id='word_1_326' title='bbox 312 4234 368 4280; x_wconf 77' lang='lat'><strong>125.</strong></span> <span class='ocrx_word' id='word_1_327' title='bbox 547 4234 589 4300; x_wconf 71' lang='lat'><strong>(2)</strong></span> <span class='ocrx_word' id='word_1_328' title='bbox 608 4231 716 4282; x_wconf 72' lang='lat' dir='ltr'><strong>Anteium</strong></span> <span class='ocrx_word' id='word_1_329' title='bbox 727 4238 794 4282; x_wconf 78' lang='lat' dir='ltr'><strong>tract.</strong></span> <span class='ocrx_word' id='word_1_330' title='bbox 805 4230 836 4281; x_wconf 89' lang='lat' dir='ltr'><strong>de</strong></span> <span class='ocrx_word' id='word_1_331' title='bbox 847 4231 911 4295; x_wconf 80' lang='lat' dir='ltr'><strong>bapt</strong></span> <span class='ocrx_word' id='word_1_332' title='bbox 923 4245 964 4294; x_wconf 77' lang='lat' dir='ltr'><strong>qu.</strong></span> <span class='ocrx_word' id='word_1_333' title='bbox 975 4230 1027 4280; x_wconf 88' lang='lat' dir='ltr'><strong>xiii.</strong></span> <span class='ocrx_word' id='word_1_334' title='bbox 1036 4229 1112 4297; x_wconf 78' lang='lat' dir='ltr'><strong>Resp.</strong></span> <span class='ocrx_word' id='word_1_335' title='bbox 1123 4228 1146 4277; x_wconf 85' lang='grc'><strong>3.</strong></span> 
     </span>
     <span class='ocr_line' id='line_1_38' title="bbox 127 4317 1033 4388; baseline 0.001 -22"><span class='ocrx_word' id='word_1_336' title='bbox 127 4319 169 4385; x_wconf 79' lang='grc'><strong>(3)</strong></span> <span class='ocrx_word' id='word_1_337' title='bbox 189 4317 290 4379; x_wconf 86' lang='lat' dir='ltr'><strong>Ibidem,</strong></span> <span class='ocrx_word' id='word_1_338' title='bbox 303 4318 377 4388; x_wconf 70' lang='grc' dir='ltr'><strong>Κεφ.</strong></span> <span class='ocrx_word' id='word_1_339' title='bbox 388 4319 412 4369; x_wconf 85' lang='grc'><strong>4.</strong></span> <span class='ocrx_word' id='word_1_340' title='bbox 548 4320 590 4387; x_wconf 78' lang='lat'><strong>(4)</strong></span> <span class='ocrx_word' id='word_1_341' title='bbox 609 4319 673 4369; x_wconf 86' lang='lat' dir='ltr'><strong>Vide</strong></span> <span class='ocrx_word' id='word_1_342' title='bbox 684 4318 761 4369; x_wconf 80' lang='lat' dir='ltr'><strong>Ocno.</strong></span> <span class='ocrx_word' id='word_1_343' title='bbox 772 4318 853 4368; x_wconf 70' lang='lat' dir='ltr'><strong>&#39;l&#39;olet</strong></span> <span class='ocrx_word' id='word_1_344' title='bbox 864 4317 896 4368; x_wconf 86' lang='lat' dir='ltr'><strong>iv.</strong></span> <span class='ocrx_word' id='word_1_345' title='bbox 907 4332 961 4384; x_wconf 80' lang='lat' dir='ltr'><strong>cap.</strong></span> <span class='ocrx_word' id='word_1_346' title='bbox 972 4317 1033 4369; x_wconf 80' lang='lat' dir='ltr'><strong>lxiii.</strong></span> 
     </span>
    </p>
   </div>
   <div class='ocr_carea' id='block_1_6' title="bbox 0 0 1340 4860">
    <p class='ocr_par' dir='ltr' id='par_1_10' title="bbox 0 0 1340 4860">
     <span class='ocr_line' id='line_1_39' title="bbox 0 0 1340 4860; baseline 0 0"><span class='ocrx_word' id='word_1_347' title='bbox 0 0 1340 4860; x_wconf 95' lang='lat' dir='ltr'><strong> </strong></span> 
     </span>
    </p>
   </div>
  </div>
 </body>
</html>
