2640 4860
161 357 201 413 82
350 346 407 408 DE
428 343 719 407 EucHrnlsTnt
739 343 1052 406 MINISTRANDA.

160 515 287 581 rationis,
313 514 389 571 sieut
410 511 514 571 dicitur
533 529 592 571 non
617 510 729 579 videns,
756 512 806 585 qui
831 512 905 571 male
925 511 1022 570 videt:
1044 522 1074 570 et
1092 514 1163 586 quia
1186 515 1256 573 tales

162 621 284 693 possum
296 612 422 684 aliquam
435 610 615 670 devotionem
624 610 711 688 hujus
721 611 889 671 sacramenti
903 612 1068 688 concipere,
1082 630 1143 671 uon
1157 614 1258 672 osteis

160 715 217 773 hoo
242 720 451 770 sacmmeutum
477 709 686 786 denegandum.
728 708 795 767 Atio
819 709 906 768 modo
932 708 1065 769 dicuntur
1085 711 1177 784 aliqui
1200 730 1258 770 nou

160 812 263 871 habere
274 808 395 869 totaliter
402 828 486 867 usum
499 809 625 868 rationis.
667 809 727 865 Aut
739 808 824 884 igitur
832 827 989 882 numquam
999 809 1163 869 habuerunt
1171 828 1258 868 usum

160 911 288 977 rationis,
300 908 352 967 sed
360 909 402 966 sic
413 927 429 964 a
442 909 585 966 nativitate
599 916 833 985 permanserunt:
855 916 885 966 et
897 909 939 966 sio
950 908 1056 968 talibus
1069 928 1130 968 non
1143 909 1258 969 esthon

161 1018 369 1068 sacramentum
391 1005 603 1065 exhibendum:
625 1007 692 1079 quia
704 1006 734 1064 in
747 1007 790 1063 eis
804 1006 884 1065 nullo
898 1006 986 1066 modo
999 1009 1149 1083 praeeessit
1166 1008 1257 1086 hujus

162 1108 333 1167 sacramenti
353 1105 476 1164 devotio.
518 1108 577 1164 Aut
596 1124 655 1164 non
677 1122 793 1180 semper
812 1115 962 1165 caruemnt
983 1124 1038 1165 usu
1062 1107 1201 1165 rationis:
1231 1117 1260 1165 et

163 1218 232 1267 tuuc
252 1208 277 1264 si
299 1206 390 1283 prius,
404 1202 518 1277 quaudo
541 1213 622 1262 eraut
640 1212 788 1279 compotes
808 1223 867 1262 suae
887 1205 1003 1271 mentis,
1019 1206 1152 1282 apparuit
1164 1206 1197 1263 in
1216 1207 1258 1263 eis

165 1306 281 1367 devotio
293 1304 379 1382 hujus
393 1302 573 1370 sacramenti,
589 1301 672 1361 debet
685 1303 772 1361 eisin
786 1303 903 1362 articulo
917 1304 1017 1361 mortis
1026 1302 1083 1361 hou
1095 1322 1258 1362 sacramen·

165 1416 225 1464 tum
233 1403 381 1464 exhiberi:
403 1401 460 1458 nisi
473 1400 544 1458 forte
553 1402 684 1459 timeatur
696 1401 854 1478 periculum
864 1402 1000 1470 vomitus,
1011 1402 1058 1459 vel
1068 1402 1257 1479 expuitiouis.

163 1503 249 1563 Unde
262 1505 291 1561 iu
311 1499 433 1560 oonoilio
454 1497 675 1576 Carthaginensi
687 1500 799 1577 legitur,
815 1498 857 1580 (et
867 1500 987 1560 habetur
1001 1503 1030 1560 iu
1045 1501 1190 1559 Decretal.
1206 1505 1256 1561 26.

162 1621 211 1677 qu.
235 1599 279 1679 2.)
322 1600 371 1658 ‘Is
391 1600 441 1671 qui
461 1599 653 1675 poeuiteutiam
674 1600 704 1657 in
724 1599 887 1658 infirmitate
907 1601 988 1677 petit,
1002 1601 1028 1658 si
1042 1618 1121 1669 casu,
1136 1599 1207 1660 dum
1221 1601 1258 1660 ad

161 1718 227 1759 eum
247 1697 378 1757 sacerdos
398 1697 531 1756 invitatus
550 1699 636 1766 venit,
660 1716 817 1775 oppressus
831 1699 992 1758 infirmitate
1012 1701 1197 1768 obmutuerit,
1211 1700 1259 1758 vel

160 1800 192 1859 in
208 1798 380 1876 phraeuesim
390 1815 545 1856 conversus
556 1797 649 1865 suerit,
663 1796 731 1856 dent
744 1798 936 1858 testimouium
952 1799 1002 1871 qui
1011 1817 1077 1857 eum
1092 1798 1257 1865 audieruut,

163 1909 193 1957 st
205 1899 327 1977 accipiat
345 1897 560 1974 poenitentiam:
581 1905 610 1954 et
631 1897 657 1953 si
677 1895 812 1956 contiuud
835 1896 959 1956 ereditur
978 1898 1143 1966 moriturus,
1157 1915 1258 1958 reoou·

163 1998 275 2057 ciliotur
282 2017 334 2075 per
342 2015 443 2055 manus
452 1996 675 2073 impositionem,
685 1995 887 2082 etiufuudatur
895 1996 939 2055 ori
947 1997 1011 2073 ejus
1025 1990 1260 2056 Eucharistia.”¹

163 2096 197 2153 Si
210 2106 304 2154 autem
324 2103 435 2153 constet
447 2094 478 2152 in
499 2093 651 2153 amentiam
671 2091 809 2152 iri‘e'idisse
830 2094 976 2154 homiuem
989 2096 1104 2172 penitus
1125 2097 1259 2174 impoeni-

163 2202 278 2260 tentem,
294 2211 351 2251 uon
364 2193 418 2250 erit
429 2192 456 2249 ei
470 2191 578 2251 danda:
600 2191 651 2250 sed
664 2211 700 2251 ne
714 2193 830 2267 quidem
844 2195 906 2254 aliis
915 2195 964 2269 qui
978 2196 1028 2271 pie
1041 2195 1187 2265 vixerunt,
1200 2194 1258 2256 nisi

163 2292 193 2349 in
219 2292 318 2349 mortis
345 2290 471 2348 articulo.
522 2291 700 2349 Semi-fatuis
727 2302 821 2353 autem
848 2292 908 2351 dari
933 2303 1028 2371 potest
1052 2295 1082 2352 in
1108 2295 1258 2372 paschate.

162 2388 241 2449 Muti
254 2398 283 2447 et
295 2387 371 2447 surdi
384 2397 517 2464 poterunt
530 2408 592 2447 eam
605 2391 731 2467 recipere
745 2394 862 2469 sepius,
876 2393 901 2450 si
915 2401 1027 2452 constet
1041 2411 1079 2451 ex
1099 2395 1191 2472 signis
1205 2413 1257 2454 eos

164 2489 315 2561 aliqualem
329 2489 392 2565 ejus
413 2487 613 2549 discretionem
627 2489 740 2549 habere.
782 2491 918 2551 Obsesis
932 2513 949 2550 a
969 2491 1112 2562 daemone,
1127 2495 1259 2568 quisunt

163 2589 208 2647 sui
221 2597 379 2665 compotes,
393 2597 422 2645 et
441 2588 511 2647 alias
530 2589 661 2648 videntur
674 2591 816 2668 dispositi,
831 2591 935 2668 poterit
947 2591 1052 2668 sapius
1068 2594 1191 2670 preberi
1204 2612 1258 2672 pro

164 2688 330 2748 confessarii
343 2681 483 2748 arbitrio-²

231 2891 273 2957 (l)
292 2888 326 2941 iii.
336 2903 361 2953 p.
369 2902 410 2952 qu.
420 2886 489 2937 lxxx.
501 2891 543 2936 art.
552 2885 585 2937 ix.
619 2883 693 2954 Καρ.
831 2887 874 2951 (2)
894 2885 921 2934 S.
934 2885 1009 2952 nlpn.
1022 2886 1080 2938 lvi.
1092 2891 1188 2941 m303.
