2640 4860
109 353 169 411 ³06
392 347 450 407 DE
472 344 652 407 ourlcns
672 344 925 407 CONJUGUM.

111 534 189 577 orem
204 555 212 570 .
227 556 235 571 .
252 555 259 571 .
274 532 333 572 non
347 523 442 591 potest
455 533 535 573 meus
549 532 614 572 esec
627 508 842 591 discipulus:”¹
855 513 964 574 indicat
975 533 1099 574 uxorem
1112 515 1195 573 minus

112 614 176 674 Deo
190 612 376 690 diligendam,
391 613 462 672 adeo
472 624 504 672 ut
516 614 578 691 ejus
589 613 721 672 voluntas
730 613 813 671 nihili
822 613 969 682 habeatur,
981 616 1097 687 quoties
1106 614 1194 672 divine

110 715 168 791 legi
183 711 356 770 adversatur.
398 714 505 772 Merito
519 713 676 790 injungitur
686 732 775 780 amor,
789 722 821 771 ut
831 713 936 771 affectu
950 715 1142 789 potiusquam
1155 715 1196 772 im·

112 814 191 891 porio
205 823 283 889 rogat
304 831 437 879 uxorem,
458 831 520 885 quae
534 812 695 871 obediendo
714 831 744 869 se
768 812 809 871 illi
829 822 938 889 gratam
961 812 1048 871 debet
1066 825 1195 890 praestare.

111 910 317 977 “Mulierem’'
346 910 443 991 (jubet
469 908 649 990 Apostolum)
680 912 777 969 “viris
803 912 863 969 suis
890 911 1014 970 subditae
1040 914 1108 982 sint,
1135 913 1198 971 sicut

112 1011 257 1070 Domino:
282 1012 418 1083 quoniam
432 1012 474 1068 vir
494 1022 579 1087 caput
598 1022 642 1069 est
656 1011 782 1069 mulieris
794 1030 802 1067 ι
826 1012 901 1069 sicut
915 1009 1054 1070 Christus
1068 1022 1152 1090 caput
1163 1020 1198 1070 est

114 1110 274 1169 Ecclesia:
290 1110 357 1186 lpse
371 1110 503 1167 Salvator
512 1111 639 1186 corporis
653 1111 728 1187 ejus.
771 1109 830 1167 Sed
843 1110 917 1168 sicut
931 1111 1070 1169 Ecclesia
1083 1112 1198 1190 subjecta

113 1222 157 1267 est
171 1208 301 1276 Christo,
316 1209 354 1267 ita
367 1222 394 1265 ct
407 1209 541 1267 mulieres
556 1210 624 1267 viris
638 1210 699 1268 suis
713 1210 742 1268 iu
755 1204 940 1268 omnibus.”²

155 1313 204 1367 61.
226 1306 337 1367 Contra
359 1326 482 1366 amorem
507 1309 591 1367 uxori
612 1308 738 1366 debitum
758 1310 880 1386 graviter
894 1321 995 1385 peccat
1017 1309 1071 1377 vir,
1087 1310 1196 1368 nimium

114 1427 183 1485 erga
195 1407 331 1466 seminam
351 1408 435 1466 aliam
456 1407 580 1467 fovendo
600 1406 744 1474 affectum,
767 1409 813 1466 vel
833 1409 923 1466 irase
943 1408 1073 1484 gerendo
1085 1407 1200 1467 ntuxori

115 1507 163 1566 det
176 1525 290 1585 gravem
304 1508 440 1565 rationem
455 1505 621 1584 suspicandi
641 1525 674 1564 se
688 1507 781 1566 minus
795 1507 887 1585 diligi,
901 1505 974 1565 adeo
986 1517 1020 1564 ut
1033 1507 1136 1567 infelix
1148 1508 1197 1574 fiat,

115 1617 144 1663 et
157 1608 270 1664 misera.
312 1606 384 1666 Item
409 1619 509 1682 peccat
528 1606 585 1665 levi
604 1605 639 1663 de
659 1625 746 1664 causa
768 1625 888 1680 uxorem
910 1607 1065 1683 suspicans
1079 1607 1198 1666 illicitum

115 1706 218 1763 habere
232 1724 296 1763 cum
311 1706 400 1764 altero
413 1706 628 1773 commercium,
642 1724 763 1778 eamque
776 1705 883 1764 idcirco
897 1706 1046 1774 incusans,
1061 1715 1090 1765 et
1103 1707 1199 1784 vitupe-

114 1823 191 1863 rans.
233 1804 338 1863 Pcccat
359 1806 463 1881 pariter
485 1824 547 1864 cam
569 1805 666 1863 durius
681 1803 835 1873 tractando,
850 1813 878 1862 et
891 1804 1080 1883 negligendo,
1095 1805 1164 1865 adeo
1175 1814 1198 1863 ut

116 1903 161 1961 sui
175 1904 311 1963 consortii
325 1923 390 1962 eum
405 1905 515 1963 taedcat.
558 1905 636 1963 Hinc
650 1906 700 1977 qui
714 1904 854 1972 tabernas,
868 1904 989 1974 theatra,
1005 1907 1097 1964 aliave
1110 1907 1198 1983 hujus·

116 2001 194 2061 modi
208 2002 271 2062 loca
284 2003 450 2077 frequentat,
461 2024 515 2062 nec
528 2005 584 2063 nisi
597 2014 680 2062 nocte
691 2005 750 2081 jam
763 2003 857 2061 adulta
866 2003 984 2062 domum
995 2004 1081 2074 redit,
1093 2007 1197 2078 quique,

115 2121 206 2160 uxore
229 2102 384 2170 nesciente,
409 2103 465 2161 alio
487 2103 603 2171 recedit,
628 2103 763 2175 abestque
783 2103 941 2179 plurimum
964 2105 1114 2181 temporis,
1133 2103 1199 2163 nulla

115 2203 277 2258 necessaria
294 2201 329 2259 de
349 2220 443 2266 cansa,
465 2203 588 2278 graviter
608 2200 688 2260 deest
710 2202 824 2260 affectui
846 2221 904 2275 quo
923 2220 1046 2262 uxorem
1072 2203 1197 2281 prosequi

116 2297 210 2356 debet.
240 2300 297 2366 Qui
312 2318 375 2356 eam
390 2301 431 2356 ira
444 2309 590 2376 correptus
605 2301 790 2360 vehementer
802 2302 922 2378 percutit
934 2321 1046 2379 pugno,
1061 2303 1147 2373 calce,
1160 2301 1198 2360 vel

115 2396 173 2455 telo'
185 2396 291 2471 aliquo,
306 2416 370 2456 cum
385 2399 450 2456 vitae
468 2417 538 2466 suae,
559 2400 605 2458 vel
625 2401 709 2459 soetus
723 2400 898 2469 discrimine,
918 2420 985 2460 reus
1006 2411 1053 2460 est
1072 2404 1198 2480 gravioris

114 2494 232 2555 delicti:
254 2496 305 2554 sed
319 2499 408 2570 etqui
422 2500 627 2559 contumeliose
640 2510 737 2558 tractat
748 2519 878 2568 uxorem,
899 2501 968 2573 quin
987 2502 1092 2560 vulnus
1107 2502 1198 2561 inferre

116 2597 302 2675 aggrediatur.
345 2598 403 2664 Qui
417 2619 480 2657 eam
494 2598 599 2658 deserit
611 2601 738 2677 inopem,
759 2609 788 2657 et
808 2601 863 2658 sibi
876 2599 1028 2675 providere
1042 2621 1102 2660 non
1115 2602 1199 2660 valen·

116 2707 183 2763 tem,
199 2699 355 2774 praesertim
368 2719 431 2758 cum
447 2700 525 2767 filiis,
547 2700 715 2776 gravissime
725 2710 824 2777 peccat
836 2708 934 2758 contra
944 2720 1051 2760 munus
1066 2703 1197 2761 maritum.

118 2797 196 2854 Reus
218 2799 301 2855 etiam
325 2810 368 2856 est
389 2801 540 2858 occasione
563 2800 713 2858 criminum
735 2800 839 2872 quibus
859 2818 933 2858 uxor
953 2801 1097 2879 objicitur,
1112 2810 1139 2858 et
1151 2801 1199 2859 dis·

116 2897 243 2954 criminis
258 2897 324 2956 fidei
339 2899 497 2957 aurittendae
512 2910 540 2957 et
553 2899 661 2967 salutis,
677 2900 705 2958 in
717 2917 775 2972 quo
788 2899 840 2958 filii
851 2900 1072 2959 constituuntur.

155 2999 203 3054 62.
226 2997 407 3074 singularem
424 2999 554 3057 affectum
575 3017 641 3075 erga
662 2982 831 3057 seinvicem
844 2999 940 3056 fovere
955 3008 1079 3076 oportet,
1093 2998 1163 3057 adeo
1174 3006 1200 3056 ut

115 3113 168 3152 nec
183 3096 225 3153 vir
239 3097 384 3156 foeminam
399 3099 493 3166 aliam,
509 3117 561 3156 nec
575 3099 679 3156 mulier
692 3099 784 3156 virum
799 3097 886 3156 alium
899 3099 938 3155 ita
951 3098 1063 3176 diligat,
1079 3099 1131 3157 sed
1144 3117 1200 3174 pro·

115 3195 230 3269 pinquis
244 3205 349 3252 naturae
364 3198 499 3255 instinctu
513 3196 633 3265 dilectis,
648 3199 786 3274 conjuges
800 3198 885 3255 unice
900 3197 1014 3256 amandi
1029 3209 1107 3257 sunt.
1131 3198 1199 3255 Cum

104 3292 219 3368 'magna
246 3295 333 3351 animi
357 3295 471 3353 lenitate
495 3297 538 3352 vir
559 3297 644 3355 debet
662 3297 761 3355 uxoris
784 3296 911 3355 desectus
933 3297 1065 3366 tolerare,
1086 3313 1200 3372 eamque

114 3390 242 3447 consiliis
256 3393 315 3448 suis
330 3393 462 3469 dirigere,
478 3403 506 3450 et
519 3395 668 3453 instruere.
710 3396 750 3454 Ei
762 3397 845 3454 etiam
857 3395 942 3453 debet
955 3397 1119 3472 providere,
1134 3399 1200 3454 sicut

112 3498 140 3544 et
153 3487 229 3556 filiis,
245 3492 401 3564 praesertim
417 3493 440 3548 si
457 3495 519 3568 ipsa
533 3495 612 3551 omni
634 3494 667 3552 ad
682 3514 714 3553 se
729 3494 944 3553 sustentandum
960 3496 1091 3555 subsidio
1104 3505 1198 3554 careat.

114 3587 200 3654 Quod
220 3591 245 3646 si
269 3608 320 3647 sua
339 3589 442 3647 habeat
465 3593 526 3667 ipsa
549 3592 632 3660 bona,
657 3613 720 3666 quae
742 3593 872 3653 dicuntur
892 3594 1121 3670 paraphernalia,
1148 3612 1199 3652 non

113 3688 177 3747 ideo
191 3688 357 3768 deneganda
371 3701 436 3749 sunt
450 3692 582 3750 alimenta
596 3704 740 3760 consueta,
755 3704 783 3751 et
796 3713 858 3768 qum
869 3693 904 3750 ad
917 3693 1112 3753 conditionem
1126 3712 1200 3752 suam

113 3798 251 3864 spectant,
268 3792 422 3868 prasertim
436 3793 462 3849 si
476 3792 569 3850 dotem
584 3794 725 3871 acceperit
737 3795 790 3862 vir,
812 3813 867 3866 qua
880 3795 1014 3852 oneribus
1031 3792 1201 3853 matrimonii

112 3889 278 3949 satisfieret:
295 3912 359 3950 nam
375 3893 509 3968 specialia
523 3893 571 3950 illa
584 3893 659 3951 bona
672 3891 707 3950 ad
721 3894 868 3969 impensas
882 3893 952 3952 alias
965 3896 1050 3952 uxori
1064 3903 1201 3952 reservata

113 3986 281 4062 plerumque
305 4002 474 4049 censentur:
499 4011 552 4049 nec
575 3993 610 4050 ab
633 4011 666 4049 ea
686 3991 786 4049 alenda
806 4002 958 4050 excusatur
980 3995 1100 4051 maritus
1114 3994 1140 4050 si
1153 3993 1199 4050 dos

111 4081 253 4160 perierit³
294 4091 378 4149 Uxor
398 4102 491 4149 tamen
506 4092 558 4149 viri
573 4092 705 4168 pauperis
726 4091 810 4149 debet
829 4111 910 4150 suam
925 4102 1060 4168 prestare
1075 4111 1198 4171 operam,

281 4247 322 4309 (l)
343 4245 404 4295 Luc.
417 4247 464 4294 xiv.
477 4248 517 4294 26.
815 4250 856 4313 (2)
877 4247 942 4310 Eph.
954 4264 976 4294 v.
990 4251 1031 4296 22.
1127 4288 1129 4291 .

276 4330 317 4393 (3)
336 4328 360 4378 ff.
373 4329 451 4380 Solut.
462 4329 571 4380 nratrim.
584 4331 598 4379 l.
612 4330 641 4379 aa·
652 4347 709 4384 oum
722 4331 810 4392 dotem,
824 4336 846 4394 ς.
866 4332 980 4384 Maritus.
