2640 4860
149 404 206 462 110
224 398 283 461 DE
296 398 350 461 ns
363 396 465 466 QUAE
478 396 535 457 tu
548 394 818 457 OELEBRAND.
830 398 1157 468 REQUIRUNTUR.

144 568 198 626 sub
216 577 299 636 terra,
315 568 345 625 in
363 567 430 625 loco
450 577 545 624 nmen
559 564 680 633 decenti,
694 565 805 625 etiamsi
820 565 905 625 altare
919 567 957 626 sit
969 567 1103 636 fractum,
1118 568 1162 626 vel
1174 567 1228 626 sine

143 666 274 740 reliquiis
296 665 493 725 sanctorum.”
535 664 624 723 Juxta
636 664 732 742 legem
759 665 939 742 generalem:
962 665 1079 724 “altare
1109 666 1230 743 portatile

143 776 210 824 tunc
232 766 477 825 consecrationem
497 764 610 832 amittit,
625 764 740 836 quando
753 763 891 843 frangitur
903 766 949 824 vel
962 765 1029 824 loco
1042 775 1174 824 movetur
1193 783 1231 824 re·

143 866 312 941 positorium
325 852 559 940 reliquiarum.”¹
600 863 727 922 Vacante
751 863 827 922 Sede
843 864 877 923 fut
888 873 1024 942 potestas
1044 862 1182 943 delegatis
1200 865 1231 922 ab

142 966 283 1043 episcopo
303 974 368 1024 ante
390 965 511 1031 obitum,
533 963 593 1022 “in
616 980 684 1021 casu
707 964 885 1023 necessitatis
908 962 1097 1023 consecrandi
1121 964 1230 1030 calices,

142 1071 271 1141 patenas,
285 1075 314 1125 et
327 1065 425 1125 altaria
446 1062 588 1143 portatilia
606 1063 696 1121 sacris
717 1062 800 1130 oleis,
814 1063 850 1122 ab
870 1064 1010 1142 episcopo
1032 1073 1129 1123 tamen
1151 1064 1231 1122 bene·

142 1161 258 1222 dictis.'’

452 1395 477 1471 §.
492 1395 533 1455 II.
574 1394 623 1454 Du
644 1412 770 1453 mrsnrs
790 1412 921 1454 ananau.

153 1634 156 1639 ,
181 1574 232 1630 00.
253 1570 287 1628 ln
307 1569 386 1629 altari
399 1577 455 1626 tres
469 1587 581 1647 mappa
594 1568 677 1627 lineae
692 1567 727 1626 ab
743 1569 890 1646 episcopo,
905 1567 952 1627 vel
965 1565 1126 1636 sacerdote,
1141 1569 1186 1627 cui
1199 1587 1231 1627 ea

142 1670 351 1731 communicata
369 1679 414 1728 est
433 1668 560 1736 facultas,
574 1666 728 1726 benedictas
748 1668 853 1727 debent
871 1686 946 1736 esse,
960 1684 1083 1741 quarum
1104 1669 1229 1744 superior

142 1770 177 1828 ad
200 1777 304 1827 terram
323 1787 414 1841 usque
436 1786 474 1827 ex
494 1779 611 1841 utroque
632 1767 719 1825 latere
741 1768 890 1845 pertingat,
912 1766 1020 1825 duabus
1044 1766 1230 1834 brevioribus,

141 1869 188 1928 vel
210 1869 260 1928 uui
281 1868 432 1947 duplicatas
449 1869 638 1945 superposita.
677 1864 722 1924 Ita
738 1867 896 1945 prescribit
914 1865 1037 1924 Missale
1057 1864 1230 1925 Romanurn.

141 1969 233 2047 Igitur
251 1967 447 2028 emendandus
468 1977 593 2026 estmoe
614 1965 802 2040 quorumdam
822 1966 935 2043 mappis
955 1966 1095 2024 utentium
1120 1983 1184 2038 quae
1203 1965 1231 2024 in

141 2069 229 2127 domo
254 2069 284 2126 in
310 2086 372 2140 quae
399 2083 464 2125 rure
489 2066 631 2124 celebrant
655 2067 843 2141 reperiuntur,
869 2066 954 2124 unica
977 2064 1102 2124 breviori
1128 2082 1231 2142 mappa

141 2165 290 2226 benedicta
298 2165 439 2241 corporali
448 2164 613 2241 supposita:
629 2162 675 2221 vel
683 2182 747 2236 qua
757 2184 795 2224 ex
802 2166 872 2234 lino,
881 2165 1037 2224 velsaltem
1049 2183 1087 2223 ex
1095 2165 1230 2231 cannabe,

140 2284 198 2323 non
222 2273 288 2321 eunt
310 2263 456 2322 confectae.
499 2263 629 2321 Venialis
651 2263 753 2322 saltem
773 2275 817 2324 est
842 2266 926 2343 culpa
951 2274 1010 2324 tres
1032 2282 1156 2343 mappas
1175 2282 1230 2323 non

58 2364 66 2379 ⁰
141 2362 293 2422 adhibere:
315 2362 452 2430 mortalis,
467 2381 566 2420 omnes
587 2362 728 2431 omittere,
743 2364 799 2422 nisi
818 2365 911 2442 gravis
931 2373 1053 2424 excuset
1065 2364 1229 2422 necessitas.

142 2463 232 2521 Nulla
245 2472 290 2521 est
302 2462 387 2540 culpa
399 2461 440 2520 uti
455 2464 566 2540 mappis
581 2481 639 2521 non
652 2462 809 2521 benedictis
822 2465 852 2522 in
866 2465 1045 2522 necessitate.

183 2567 249 2622 100.
271 2563 344 2623 Duae
359 2563 460 2620 saltem
480 2561 603 2620 candela
617 2581 654 2620 ex
668 2581 732 2621 cera
752 2563 950 2636 requiruntur:
972 2573 1092 2637 quatuor
1112 2561 1229 2621 accendi

141 2674 264 2742 possunt
276 2665 301 2722 si
315 2663 438 2722 celebret
450 2663 620 2739 episcopus:
635 2660 688 2718 sed
700 2662 905 2731 sacerdotibus,
919 2664 1004 2721 etiam
1019 2662 1134 2720 vicariis
1143 2680 1226 2738 gene-

141 2765 256 2831 talibus,
284 2762 313 2822 id
338 2783 395 2822 non
422 2762 599 2840 permittitur.
641 2761 701 2818 Sex
722 2762 750 2820 in
778 2762 872 2820 Missa
897 2763 1020 2821 solemni
1046 2760 1225 2819 adhibentur.

143 2863 193 2921 Uti
204 2863 329 2922 candelis
341 2882 377 2922 ex
386 2863 467 2931 sebo,
476 2861 521 2919 vel
529 2862 594 2920 oleo
601 2870 682 2924 extra
692 2861 899 2928 necessitatem,
909 2861 1033 2938 theologi
1042 2862 1231 2919 communiter

141 2974 261 3023 censent
272 2982 336 3021 esse
346 2964 473 3021 mortale.
516 2963 565 3021 Ex
578 2961 647 3018 sebo
662 2970 754 3018 tamem
767 2960 935 3037 plerumque
949 2960 1074 3019 candelae
1088 2961 1166 3037 apud
1179 2977 1230 3018 nos

141 3061 320 3128 adhibentur,
331 3063 376 3120 vel
389 3080 425 3121 ex
440 3063 555 3120 materia
565 3080 627 3133 quae
640 3059 742 3118 dicitur
754 3060 939 3139 apcrmuccti,
951 3079 1039 3134 quum
1053 3078 1092 3117 ex
1105 3079 1172 3117 cera
1184 3060 1231 3117 vix

54 3218 58 3223 .
140 3161 239 3220 haberi
250 3162 380 3238 possint:
404 3159 455 3218 sed
472 3159 620 3237 diligentia
632 3160 662 3216 in
677 3178 712 3218 eo
726 3160 901 3220 desideratur
912 3170 944 3219 ut
956 3160 1123 3228 habeantur,
1145 3177 1230 3232 quum

65 3266 89 3305 '-··
139 3260 239 3339 purius
254 3261 291 3316 sit
302 3259 449 3327 lumen,et
460 3258 600 3317 sacrificio
614 3261 849 3319 convenientius:
867 3280 924 3319 non
939 3259 1030 3318 audeo
1044 3268 1140 3318 autern
1154 3259 1230 3316 darn·

26 3358 30 3365 '
139 3374 208 3416 nare
222 3358 332 3435 pcccati
344 3374 456 3417 muman
470 3357 637 3416 necessitate
651 3357 807 3417 inductum.
835 3360 939 3419 Oleum
953 3360 1056 3417 alicubi
1069 3369 1231 3435 usurpatur,

140 3456 321 3514 candelarum
333 3454 433 3513 formis
448 3474 484 3514 er
499 3455 577 3532 liguo
591 3456 728 3525 infusum,
745 3458 821 3531 quod
834 3468 928 3518 tamen
942 3459 976 3517 ab
995 3457 1137 3516 Ecclesiae
1152 3475 1229 3516 more

138 3556 260 3635 legeque
274 3555 462 3622 catabanum,
477 3554 599 3628 ideoque
613 3555 831 3617 emendandum.

182 3661 250 3717 101.
273 3655 354 3716 Crux
368 3657 441 3714 inter
453 3653 622 3714 candelabra
635 3656 769 3732 ponenda
783 3668 825 3716 cst
837 3641 921 3735 juxta
934 3657 1064 3717 Missalis
1079 3658 1228 3725 Rubricas,

138 3769 169 3816 ut
183 3758 294 3817 Christi
307 3755 437 3815 crucifixi
457 3775 533 3815 mors
548 3773 600 3834 pro
612 3755 762 3814 hominum
775 3758 864 3816 salute
884 3757 1022 3816 sacerdoti
1036 3769 1064 3816 et
1077 3757 1187 3834 populo
1200 3757 1230 3815 in

138 3861 306 3919 memoriam
320 3866 477 3916 revocetur.
491 3876 494 3881 ·
519 3856 610 3915 Porro
622 3874 658 3914 ex
672 3855 822 3914 Benedicti
835 3855 919 3916 XIV.
934 3858 1055 3935 epistola
1067 3856 1103 3916 ad
1116 3857 1229 3933 episco-

138 3977 192 4032 pos
206 3959 321 4019 ditionis
343 3957 551 4026 ecclesiasticae,
565 3957 655 4029 liquet
674 3956 894 4015 celebrationem
913 3958 1014 4016 Missas
1031 3975 1090 4016 non
1104 3956 1230 4034 permitti

138 4063 157 4090 “
167 4057 196 4114 iu
210 4058 245 4114 iis
260 4059 392 4116 altaribus
407 4076 470 4130 quae
485 4068 598 4116 careant
616 4057 740 4134 imagine
754 4057 894 4125 crucifixi,
910 4056 955 4115 vel
968 4058 1031 4134 ipsa
1045 4054 1230 4116 incommode

120 4161 272 4241 'statuatur
285 4168 348 4215 ante
361 4158 560 4233 presbyterum
581 4158 780 4224 celebrantem,
796 4157 841 4215 vel
854 4157 893 4215 ita
905 4157 998 4215 tenuis
1012 4165 1041 4214 et
1060 4157 1167 4235 exigua
1182 4156 1229 4223 sit,

438 4356 481 4423 (ι)
501 4356 609 4407 noas.
622 4357 652 4408 c.
665 4358 712 4409 ate
724 4361 740 4407 s
753 4358 843 4419 unu,
857 4362 930 4411 rena.
