2640 4860
412 367 469 427 DE
490 366 800 427 ABSOLUTIONE.
1091 375 1149 429 22³

60 535 238 609 baptismum
255 541 409 592 statuerant
428 533 567 592 detineri?
579 577 587 593 .
600 577 608 593 .
622 577 629 593 .
642 535 714 600 Quae
734 543 830 592 autem
850 534 1035 610 baptismatis,
1050 535 1148 594 eadem

60 632 302 692 reconciliationis
310 641 355 690 est
364 653 458 701 causa,
470 634 495 690 si
505 634 576 692 forte
585 629 769 711 poenitentem
779 632 911 690 finienda
920 635 1150 711 vitaeperieulum

61 732 313 808 praeoccupaverit.
356 732 420 790 Neo
440 734 519 808 ipsos
540 733 616 790 enim
630 751 666 789 ex
685 731 740 790 hac
755 732 812 788 vita
823 731 884 789 sine
905 732 987 789 arrha
1000 752 1058 792 suoe
1072 737 1150 810 pacis

61 832 142 890 exire
155 830 229 889 velle
242 829 326 888 debet
339 840 428 889 mater
441 824 622 890 Ecclesia.”¹
664 831 722 896 Qui
735 832 829 907 ipsum
841 830 951 906 pietatis
965 831 1108 900 affectum,
1123 844 1152 892 et

62 930 210 1008 religionis
224 947 341 988 sensum
359 929 527 1007 deposuisse
540 930 680 997 videntur,
695 940 723 986 et
736 930 842 987 muniis
856 929 988 987 omnibns
1002 932 1148 1008 religionis

61 1030 212 1107 neglectis,
239 1029 270 1086 in
295 1029 426 1087 ultimum
452 1029 604 1087 discrimen
631 1028 816 1096 adducuntur,
838 1029 916 1086 nullo
942 1027 1005 1086 dato
1028 1029 1150 1090 dolentis

63 1130 154 1187 animi
166 1128 284 1197 indicio,
299 1129 414 1187 nonnisi
425 1147 462 1185 ex
476 1148 579 1205 magna
593 1127 726 1184 charitate
740 1128 850 1186 censeri
865 1137 986 1202 possunt
999 1127 1148 1206 dispositi:

63 1245 138 1300 quos
152 1237 245 1286 tamen
259 1228 363 1300 siquis
377 1227 595 1286 voluerit'venia
614 1228 667 1285 sub
688 1227 849 1285 conditione
870 1226 985 1295 donare,
1000 1236 1030 1286 ut
1042 1229 1152 1304 pericli·

62 1329 132 1384 tanti
146 1345 202 1399 qua
215 1327 306 1402 possit
320 1328 428 1385 ratione
450 1328 587 1393 consulat,
601 1345 659 1384 non
679 1325 817 1384 audemus
838 1344 1007 1403 repugnare.
1049 1328 1106 1393 Qui
1121 1329 1151 1385 in
1163 1316 1167 1323 ⁸

63 1426 128 1502 ipso
148 1426 257 1502 peccati
271 1435 334 1483 actu
348 1435 438 1484 morte
458 1426 580 1502 correpti
601 1434 676 1492 sunt,
698 1445 732 1482 v:
755 1444 792 1501 g:
814 1425 944 1493 rixando,
965 1424 1149 1495 lasciviendo,

63 1524 109 1582 vel
123 1525 207 1582 nimis
223 1524 357 1600 potando,
373 1544 429 1582 non
441 1535 563 1600 possunt
575 1524 693 1591 absolvi,
704 1542 792 1597 quum
802 1525 895 1582 sintin
909 1536 1025 1601 peccato
1039 1525 1149 1584 mortali

63 1623 214 1681 manifesto
226 1642 233 1680 ε
256 1623 369 1696 quodsi
381 1623 553 1696 aliquamdiu
565 1623 783 1699 supervixerint,
795 1623 862 1681 licet
871 1625 916 1682 sui
924 1642 981 1682 non
991 1634 1149 1701 compotes,

62 1722 109 1779 vel
122 1733 201 1780 extra
214 1739 245 1778 se
259 1723 367 1799 abrepti
380 1722 485 1791 furore,
500 1742 585 1796 quem
599 1723 698 1780 dicunt
716 1721 822 1780 monio
835 1742 854 1780 o
868 1730 955 1800 potu,
971 1724 1072 1798 poterit
1084 1725 1149 1796 quis

61 1823 204 1898 conjicere
217 1839 267 1878 eos
285 1822 360 1879 intus
382 1820 488 1890 dolere,
503 1823 633 1895 quamvis
654 1820 761 1878 turbata
782 1821 930 1898 phantasia
943 1832 1086 1893 nequeant
1099 1843 1152 1881 sua

61 1938 147 1977 sensa
159 1919 294 1997 pandere,
309 1939 393 1992 quem
408 1939 458 1979 eos
473 1920 667 1980 absolventem
681 1921 734 1976 sub
755 1919 917 1978 conditione
931 1940 989 1978 non
1010 1922 1151 1998 improba·

63 2037 138 2076 mus.
181 2019 238 2085 Qui
251 2020 419 2078 catholicam
431 2020 517 2078 tidem
530 2038 675 2092 nunquam
687 2017 812 2095 professi
825 2029 901 2087 sunt,
912 2019 962 2076 sed
978 2020 1149 2079 voluntatem

63 2119 93 2175 in
107 2136 169 2175 eam
192 2118 349 2194 proclivem
369 2120 564 2186 ostenderunt,
579 2127 699 2194 possunt
712 2135 746 2174 eo
760 2118 789 2175 in
803 2117 965 2177 discrimine
980 2121 1032 2177 sub
1053 2119 1151 2177 condi-

60 2219 138 2275 tione
152 2217 261 2276 absolvi
276 2239 292 2275 a
305 2220 435 2277 censuris
448 2227 476 2276 et
485 2219 619 2294 peccatis,
634 2218 659 2274 si
676 2218 706 2274 in
719 2217 779 2274 suis
793 2219 878 2275 sectis
892 2217 997 2276 luerint
1008 2219 1069 2297 jam
1082 2220 1149 2296 bap·

61 2317 128 2384 zati,
155 2326 198 2374 est
224 2318 301 2375 enim
328 2319 399 2376 ratio
425 2317 554 2389 quaedam
581 2316 753 2392 conjiciendi
779 2336 829 2376 eos
855 2317 927 2375 velle
954 2319 984 2376 in
1010 2318 1150 2377 Ecclesiae

60 2416 265 2474 communione
287 2418 343 2474 vita
362 2416 460 2493 sunm:
482 2418 597 2489 quodsi
617 2416 680 2492 ejus
701 2415 852 2474 voluntatis
873 2417 981 2474 nullum
1005 2417 1100 2475 datum
1115 2419 1152 2474 sit
1186 2394 1193 2426 ¹

58 2513 207 2580 iudicium,
219 2533 277 2573 non
285 2525 350 2573 sunt
358 2515 534 2584 absolvendi,
543 2515 656 2573 etiamsi
664 2513 733 2570 dent
741 2513 847 2572 doloris
859 2516 957 2590 signa:
974 2522 993 2550 ⁴⁶
1003 2517 1069 2587 quia
1080 2515 1149 2572 tales

60 2631 221 2685 numquam
239 2613 393 2690 prudenter
412 2617 546 2690 praesumi
560 2613 654 2670 valent
666 2630 699 2668 ea
711 2613 793 2688 signa
813 2613 937 2688 praebere
950 2614 981 2669 in
1000 2613 1099 2670 ordine
1113 2613 1149 2671 ad

60 2711 285 2780 consessionem,
301 2733 317 2770 a
330 2731 388 2785 qua
400 2731 581 2789 summopere
596 2704 795 2781 abhorrent.”²
834 2710 1016 2768 Moribundis
1030 2711 1150 2768 absenti·

56 2813 110 2869 bns
124 2813 225 2882 nequit
237 2810 296 2870 dari
317 2813 467 2881 absolutio,
483 2813 535 2869 etsi
555 2810 761 2888 praevideantur
774 2808 835 2866 sine
850 2827 885 2866 ea
903 2810 1032 2880 alioquin
1053 2809 1150 2866 deces-

57 2911 136 2968 suri:
158 2911 200 2967 nti
225 2920 301 2986 patet
325 2931 363 2970 ex
385 2931 438 2969 usu
462 2911 612 2970 Ecclesiae.
654 2910 794 2967 Praeterea
816 2927 872 2966 vox
896 2907 993 2965 “Te”
1018 2908 1149 2984 designat

59 3010 209 3068 hominem
223 3020 403 3087 praesentem.

131 3206 172 3270 (l)
190 3203 220 3256 L.
231 3204 247 3253 i.
258 3203 288 3256 de
299 3202 378 3257 adult.
391 3207 453 3273 conj.
464 3221 485 3254 c.
497 3203 581 3254 xxviii·
735 3201 777 3267 (2)
798 3198 824 3246 S·
838 3198 909 3264 Alph·
919 3198 934 3248 l·
946 3197 977 3246 vi·
989 3213 1013 3246 n·
1024 3199 1083 3247 48³·
