2640 4860
430 396 572 457 CAPUT
592 395 775 458 UNIOUM.
1091 403 1152 462 268

59 583 124 633 nos,
144 581 209 623 rure
228 565 385 641 presertim
405 564 434 622 iu
454 563 650 634 missionibus,
665 565 902 641 superpelliceum
924 566 973 625 vix
999 569 1148 627 cousuevit

61 662 190 723 adhiberi
202 681 210 732 ;
232 672 405 742 quapropter
418 663 603 722 missionariis
623 662 700 722 haud
713 664 885 742 injiciendus
899 665 1010 725 videtur
1021 661 1105 741 cattle
1118 687 1150 727 re

60 762 223 840 scrupulus,
238 782 327 836 quum
346 763 500 821 necessitas
521 781 570 821 eos
593 762 763 838 plerumque
785 763 886 822 habeat
907 748 1152 848 excusatbdp⁴sed

59 878 124 920 mos
149 861 180 920 in
199 863 284 920 urbes
307 862 403 940 plures
424 862 562 930 invectus,
582 870 612 919 et
634 862 701 921 alibi
719 863 803 920 etiam
824 873 961 932 servatus,
984 883 1019 922 eo
1041 865 1150 935 utendi,

59 961 166 1035 ubique
179 961 357 1019 inducendus
371 971 424 1029 est,
438 969 470 1020 ut
490 960 658 1020 aemulemur
671 961 838 1019 universalis
859 961 1000 1020 Ecclesiae
1019 963 1147 1041 discipli·

60 1079 138 1129 nam,
153 1068 183 1118 et
195 1059 309 1120 decreto
321 1061 435 1120 concilii
449 1061 633 1138 provincialis
655 1061 871 1120 Baltimorensis
892 1061 917 1119 1.
938 1061 1149 1135 obsequamur:

61 1158 139 1233 quod
148 1159 397 1237 superpelliceum,
410 1179 468 1218 una
481 1179 547 1219 curn
560 1160 641 1230 stola,
657 1162 687 1220 in
701 1160 780 1219 omni
794 1179 874 1218 sacro
890 1179 1006 1219 munere
1020 1162 1151 1221 obeundo

62 1258 255 1318 adhibendum
269 1255 473 1318 commendat¹

104 1362 152 1416 11.
175 1356 344 1417 “Omittere
370 1359 512 1417 orationes
538 1359 568 1417 in
594 1359 701 1418 Rituali
732 1360 920 1436 praescriptas,
946 1367 1026 1417 extra
1052 1379 1151 1419 casum

61 1458 250 1527 necessitatis,
266 1459 328 1517 siue
341 1457 429 1517 dubio
442 1466 486 1516 est
497 1451 667 1516 mortale.”²
706 1459 825 1517 Litaniae
839 1468 934 1517 autem
947 1458 983 1516 ab
992 1460 1150 1519 astantibus

61 1555 191 1616 diceudoe
216 1576 283 1617 cum
308 1558 426 1634 psalmis
446 1558 696 1634 penitentialibus,
721 1557 788 1616 dum
814 1559 929 1635 ungitur
942 1567 1072 1635 egrotus,
1093 1578 1152 1618 non

61 1655 194 1716 videntur
205 1657 317 1735 injungi
331 1658 384 1716 sub
397 1667 525 1734 peccato,
538 1666 567 1715 et
579 1656 641 1716 rard
663 1656 738 1734 apud
753 1676 806 1716 nos
820 1657 961 1725 dicuntur.
1005 1657 1151 1717 Ceterum

63 1753 130 1814 dum
145 1757 242 1834 plures
257 1757 375 1824 adstant,
389 1756 544 1816 curandum
560 1767 592 1814 ut
604 1775 651 1815 eas
666 1758 793 1824 recitent,
807 1757 904 1833 lingua
917 1757 1083 1825 vernacula;
1097 1776 1152 1816 nec

62 1857 140 1915 enim
154 1856 257 1915 Latino
270 1875 404 1915 sermone
417 1875 466 1921 aas
476 1858 593 1914 recitare
606 1856 709 1914 valent.
743 1856 815 1923 Quae
826 1856 1048 1932 praescribuntur
1060 1875 1153 1915 sacer·

63 1953 123 2014 doti
149 1954 299 2014 recitandae
324 1957 467 2015 orationes
494 1957 602 2032 integre
628 1955 808 2032 perficieudre
834 1965 909 2023 sunt,
930 1955 987 2013 nisi
1007 1957 1156 2015 immineat

65 2071 163 2113 mors:
191 2074 249 2128 quo
274 2073 342 2114 casu
367 2055 465 2114 licebit
493 2073 599 2131 ungere
625 2055 720 2113 statim
753 2055 969 2131 periclitantem,
993 2064 1021 2112 et
1053 2073 1153 2133 preces

64 2152 200 2230 deinceps
213 2155 342 2224 recitare,
357 2165 441 2231 prout
454 2154 568 2212 Rituale
583 2164 689 2212 monet.

104 2258 153 2313 12.
175 2252 280 2312 Oleum
304 2255 481 2313 infirmorum
504 2254 534 2311 in
547 2255 669 2314 ecclesia
682 2248 896 2326 servaridebet,
917 2261 946 2310 et
959 2254 993 2313 ad
1007 2255 1152 2313 infirmum

61 2350 177 2420 deferri,
199 2352 377 2430 precedente
396 2352 514 2421 lumine,
536 2353 614 2426 quod
633 2365 661 2412 et
680 2355 709 2411 in
729 2355 863 2413 unctione
883 2352 1075 2413 adhibendum
1089 2364 1151 2413 est:

64 2461 199 2511 ceterum
212 2451 288 2530 apud
307 2472 361 2512 nos
381 2453 570 2511 missionariis
591 2446 772 2529 permittitur,
794 2454 831 2512 ob
850 2453 1060 2520 necessitatem,
1082 2452 1151 2512 illud

64 2551 140 2628 apud
162 2571 195 2611 se
215 2553 348 2621 retinere,
371 2561 400 2610 et
418 2552 528 2611 occulte
549 2550 658 2610 deferre
679 2550 720 2615 ad
735 2538 891 2626 aegrotum
925 2550 977 2608 sed
997 2550 1153 2609 curandum

63 2652 181 2710 omnino
195 2660 247 2720 est,
261 2660 293 2710 ut
303 2652 368 2710 loco
383 2650 495 2710 decenti
517 2651 654 2709 habeatur
676 2651 706 2709 in
727 2668 794 2706 vase
817 2649 917 2716 nitido,
931 2658 960 2705 et
978 2659 1010 2707 ut
1022 2648 1155 2709 decenter

64 2749 214 2810 deseratur.
256 2751 369 2809 Lumen
388 2751 418 2808 in
437 2751 571 2809 unctione
585 2749 715 2808 facienda
727 2747 918 2806 adhibendum
932 2757 985 2815 est,
999 2759 1027 2805 et
1040 2746 1154 2820 quidem

64 2867 190 2919 excors,
206 2869 257 2928 pro
271 2868 349 2908 more
363 2849 521 2909 Ecclesiaer
543 2850 595 2908 sed
617 2850 643 2907 si
663 2850 725 2927 ejus
746 2848 829 2924 copia
851 2865 907 2904 non
928 2847 975 2914 sit,
990 2866 1048 2906 non
1062 2847 1155 2907 audeo

64 2947 199 3007 damnare
212 2947 387 3008 sacerdotem
401 2957 554 3026 ungentem
575 2957 722 3026 aegrotum,
743 2946 808 3005 oleo
827 2946 923 3003 lumen
938 2946 1090 3022 prebente,
1106 2948 1152 3006 vel

64 3049 90 3106 si
103 3067 158 3107 nec
170 3048 226 3107 hoc
239 3049 337 3106 haberi
350 3050 451 3124 possit,
466 3050 574 3121 absque
588 3047 695 3106 lumine
709 3048 739 3105 in
753 3046 933 3103 necessitate.

107 3152 154 3206 1³.
177 3148 280 3207 Novus
287 3148 419 3225 globulus
433 3148 583 3225 bombycis
597 3148 627 3205 iu
640 3146 792 3223 cujuslibet
800 3163 899 3203 seusus
910 3144 1011 3222 organi
1020 3145 1155 3204 unctione

64 3245 242 3306 adhibendos
262 3257 315 3315 est,
337 3257 365 3306 et
386 3247 522 3324 deinceps
545 3238 765 3313 comburendus,
780 3255 808 3302 et
827 3245 936 3302 cineres
957 3245 987 3301 in
1000 3246 1155 3304 sacrarium

65 3347 254 3424 projiciendi:
277 3346 353 3419 quod
366 3347 415 3404 vix
428 3366 445 3404 a
458 3347 644 3404 missionariis
658 3354 787 3403 accurate
800 3345 907 3402 servari
920 3339 1026 3422 potest.

107 3449 155 3504 14.
176 3446 326 3505 Paroohus
340 3455 450 3504 tenetur
463 3445 564 3504 ovibus
578 3446 637 3504 suis
658 3455 792 3522 praestare
810 3455 967 3503 extremam
981 3446 1155 3511 unctionem,

66 3546 151 3604 etiam
164 3564 231 3605 cum
244 3544 495 3613 discriminemus,
506 3546 532 3602 si
543 3545 598 3603 alio
607 3544 735 3604 subsidio
746 3545 847 3603 salutis
857 3553 999 3618 nequeant
1009 3543 1153 3622 adjuvari:

67 3645 155 3712 “Qui
178 3656 272 3704 autern
286 3657 366 3722 peste
387 3644 537 3713 affectus,”
559 3624 598 3702 ait
610 3643 742 3722 synodus
755 3645 785 3702 N
788 3645 964 3702 amurcensis
978 3662 1052 3700 anno
1068 3645 1156 3707 1639,

68 3752 211 3804 “nonest
233 3745 393 3813 consessus,
408 3764 461 3802 nec
485 3754 579 3820 potest
599 3744 738 3809 confiteri,
754 3756 851 3818 pastor
869 3749 997 3801 teneatur
1011 3741 1052 3798 illi
1066 3749 1156 3797 extre·

66 3862 142 3905 marn
154 3846 330 3915 unctionem,
346 3847 430 3904 etiam
445 3864 510 3904 curn
525 3842 653 3922 periculo
667 3842 731 3900 vitae
745 3833 863 3899 dare.”³

169 4065 214 4131 (r)
233 4062 304 4113 noer.
315 4063 392 4114 xxvii
705 4059 748 4125 (ε)
767 4056 794 4105 s
805 4055 880 4120 ntpn.
892 4055 908 4104 t.
919 4054 951 4104 vi.
962 4071 988 4105 n
1000 4057 1057 4104 rer.

473 4166 515 4233 (a)
539 4162 591 4213 Tit.
603 4162 654 4213 xiv.
666 4175 719 4226 cap.
731 4176 756 4210 1.
