2640 4860
114 378 174 435 aro
312 369 368 429 mc
389 352 709 429 rrrrnurunnms
730 350 1012 431 nrrnruotm.

111 542 153 599 uti
178 535 325 614 respondit
350 536 383 593 S.
411 533 507 612 cong.
541 534 674 607 inquisit.
703 532 854 610 Episcopo
881 532 1068 600 Quebeoeui
1090 533 1180 597 dion

115 637 290 696 Novembris
307 638 396 692 1835.

155 739 222 794 176.
244 733 388 811 Affinitoa
402 742 445 789 est
465 732 661 807 propinquitas
675 740 734 788 orta
747 748 784 788 ex
804 730 911 806 copule
923 731 1038 791 wnali
1053 731 1186 809 compieta,

111 833 223 892 scilicet
242 852 293 910 por
312 851 344 890 se
363 829 523 889 sufficiente
543 829 579 886 ad
598 831 809 906 generationem
832 829 932 905 prolis,
954 831 1017 888 sive
1037 832 1121 898 licita,
1139 831 1188 889 sive

113 933 220 990 illicita.
262 930 380 989 Oritur'
373 941 445 987 mter
457 930 686 1005 consanguineos
701 927 752 984 riri
766 938 795 986 et
807 928 960 1026 mulierem
973 930 1077 997 solam,
1089 937 1118 987 et
1129 920 1242 987 inter*
1235 968 1239 979 ·

114 1030 242 1089 mulieris
268 1029 494 1154 colnsenguiueos
519 1039 548 1084 et
573 1028 664 1085 virum
685 1025 789 1094 solum,
814 1045 880 1085 nam
902 1026 1027 1086 affinitas
1049 1047 1116 1087 non
1122 1016 1198 1104 parit

113 1120 304 1188 utiinitatem.¹
345 1126 454 1185 Nititur
476 1126 675 1202 conjunctione
699 1125 753 1182 riri
775 1135 804 1183 et
823 1125 992 1183 mulieris
975 1145 1033 1199 qua
1052 1128 1123 1185 fiunt
1144 1144 1192 1184 nna

113 1222 205 1286 caro.²
245 1226 361 1285 Dirimit
374 1225 584 1283 matrimonium
599 1224 633 1283 ad
648 1223 767 1300 gradum
781 1232 912 1296 quartum
925 1225 1079 1294 inclusive,
1093 1226 1192 1299 quoties

113 1328 202 1385 oritur
214 1343 250 1383 ex
270 1324 371 1400 copula
391 1318 500 1381 licita:³
519 1322 554 1380 ad
574 1323 691 1399 gradum
712 1321 870 1381 secundum
892 1322 1046 1392 inclusive,
1060 1326 1085 1382 si
1098 1325 1192 1382 oriatur

113 1445 150 1483 ex
164 1425 268 1501 copula
281 1416 401 1481 illicita*
442 1421 520 1480 Hino
531 1440 616 1479 nemo
626 1431 720 1499 potest
733 1439 797 1479 eam
807 1420 911 1479 ducere
924 1440 992 1481 cum
1007 1424 1091 1501 cujus
1105 1433 1193 1490 matre,

114 1541 222 1590 sorore,
236 1523 331 1588 amita,
346 1520 390 1577 vel
404 1530 489 1597 nepte
502 1520 632 1596 copulam
646 1519 744 1578 habuit
757 1519 939 1596 completam.
983 1522 1101 1580 Gradus
1114 1520 1194 1579 affini·

114 1622 178 1680 tatis
198 1629 395 1697 computantur
413 1638 448 1677 es
467 1620 576 1677 ratione
597 1638 654 1692 qua
675 1618 779 1696 gradus
800 1612 1154 1695 consanguinitatis).adeu
1171 1629 1196 1676 ut
1238 1640 1242 1645 ·

114 1721 163 1793 qui
179 1721 238 1777 viro
251 1719 481 1794 consanguineus
493 1728 538 1776 est
555 1719 648 1795 primo
668 1717 768 1795 gradu,
783 1717 829 1775 vel
842 1718 983 1787 secundo,
998 1714 1211 1797 eodem-gradus

113 1818 207 1875 affinis
226 1819 263 1875 sit
282 1819 376 1876 uxori.
418 1817 489 1876 Jure
509 1818 704 1875 ecclesiastico
724 1816 870 1874 inductum
892 1827 936 1875 est
962 1812 1194 1896 impedimentum

114 1916 269 1983 affinitatis,
284 1916 359 1989 quod
375 1925 470 1975 tamen
485 1915 580 1988 quoad
593 1915 710 1993 gradum
725 1916 848 1991 primurn
858 1915 941 1974 lineae
956 1927 1043 1978 rectae
1057 1918 1127 1977 adeo
1139 1936 1195 1976 cou-

114 2027 197 2074 sonat
206 2025 312 2074 naturre
320 2015 531 2083 dictaminibus,
542 2025 572 2072 ut
580 2015 675 2091 plures
684 2014 753 2079 illud
761 2023 866 2072 naturoe
875 2015 989 2092 legibus
999 2018 1193 2076 accensuerint

115 2112 298 2172 Corinthium
326 2131 477 2171 novercam
503 2131 585 2170 suam
617 2114 715 2171 uxoris
741 2114 807 2172 ioco
841 2113 993 2173 habentem
1025 2117 1196 2174 vehementer

114 2212 258 2288 redarguit
279 2210 446 2287 Apostolus,
467 2211 555 2269 veluti
576 2210 675 2286 flagitii
698 2214 828 2288 gentibus
849 2213 898 2270 vix
919 2212 1008 2271 auditi
1030 2234 1126 2274 reum:
1152 2212 1197 2272 sed

112 2319 220 2385 petrem
239 2327 323 2366 suum
342 2316 459 2365 censent
478 2307 607 2385 plerique
621 2309 712 2368 adhuc
726 2311 755 2369 in
774 2312 846 2370 vivis
865 2311 965 2380 fuisse,
983 2332 1051 2372 nam
1067 2333 1196 2373 memora·

113 2419 167 2474 tur,
182 2407 231 2479 qui
246 2406 376 2483 injuriam
387 2424 489 2483 passus
503 2418 565 2466 est:
587 2416 616 2465 et
624 2417 735 2466 constat
747 2410 874 2484 alioquin
883 2410 1019 2471 ethnicos
1029 2432 1049 2471 e
1059 2414 1195 2491 conjugiis

112 2507 304 2583 privignorum
320 2524 384 2563 cum
400 2508 540 2574 novercis,
556 2508 681 2582 patribus
694 2496 845 2578 defundi,
854 2527 912 2568 non
927 2509 1000 2570 adeo
1008 2510 1193 2571 sbhorruisse.

113 2606 258 2665 Caeterum
272 2625 417 2678 nunquam
432 2605 606 2682 dispensatio
620 2605 783 2664 conceditur
797 2608 825 2665 in
841 2626 875 2665 eo
889 2609 989 2685 gradu.

155 2711 221 2765 177.
244 2706 372 2762 incestus
383 2724 447 2763 cum
460 2707 519 2762 suis
534 2705 754 2781 consanguineis
765 2706 908 2763 admissus
920 2726 1034 2782 poenam
1049 2728 1108 2769 non
1123 2708 1198 2768 indu·

113 2806 161 2872 cit,
180 2823 245 2862 nam
263 2805 329 2879 jura
342 2804 377 2862 de
391 2823 425 2862 eo
440 2805 478 2861 nil
500 2812 671 2860 statuerunt:
693 2815 867 2880 quapropter
880 2807 928 2877 qui
951 2826 1018 2864 cum
1039 2824 1136 2868 sorore
1149 2827 1197 2865 sua

112 2903 155 2960 vel
170 2904 340 2962 consobrina
353 2904 515 2969 concubuit,
531 2921 588 2960 non
604 2903 729 2978 privatur
743 2904 808 2978 jure
822 2905 947 2980 petendi.
991 2906 1123 2967 Incestus
1135 2925 1195 2965 cum

111 3002 329 3079 consanguineis
338 3003 469 3079 conjugis
483 3021 538 3059 non
549 3001 654 3058 dirimit
665 3002 874 3061 matrimonium
882 3005 943 3081 jam
954 3014 1139 3073 contractum,
1149 3004 1195 3062 sed

111 3102 201 3176 privat
214 3119 293 3158 reum
310 3102 376 3176 jure
396 3101 522 3159 debitum
537 3099 679 3176 exigendi.
721 3101 865 3159 Innocens
887 3111 982 3178 potest
997 3105 1065 3181 jure
1084 3104 1195 3183 petendi

110 3200 161 3264 uti,
188 3218 276 3271 quum
303 3217 360 3257 non
387 3199 468 3257 cadat
489 3200 555 3274 jure
582 3217 634 3256 suo
660 3200 698 3256 ob
724 3199 837 3257 alterius
859 3200 992 3277 culpam:
1014 3204 1062 3260 eui
1081 3202 1195 3279 proinde

111 3296 230 3355 reddere
252 3297 321 3354 illud
341 3316 406 3354 reus
427 3292 562 3355 tenetur.⁵
602 3298 674 3362 Quae
689 3298 745 3356 vim
767 3318 850 3374 passa
863 3309 906 3356 est
926 3300 1025 3368 invita,
1040 3302 1088 3358 rel
1102 3303 1151 3375 qui
1164 3300 1194 3358 ad

107 3395 299 3471 propinquam
315 3412 352 3449 ex
365 3412 458 3451 errore
472 3396 600 3461 accessit,
613 3404 715 3470 putans
734 3416 797 3455 eam
811 3417 875 3455 esse
889 3417 1021 3467 uxorem,
1035 3419 1094 3459 non
1108 3402 1195 3478 priva·

110 3504 152 3551 tur
169 3493 234 3568 jure
254 3490 378 3566 petendi,
395 3509 482 3562 quum
504 3492 582 3549 nulla
602 3494 639 3549 sit
659 3513 744 3569 poena
764 3495 912 3555 deficiente
930 3498 1024 3573 culpa.
1067 3498 1194 3566 Quodsi

110 3590 279 3670 peccaverit,
291 3599 365 3647 metu
381 3599 471 3648 tamen
482 3590 560 3665 gravi
570 3601 676 3659 coacta,
686 3610 742 3651 non
757 3596 868 3654 videtur
881 3597 1025 3672 plerisque
1039 3599 1069 3654 in
1084 3616 1192 3674 poenam

109 3693 181 3771 legis
202 3689 400 3748 ecclesiastice
421 3689 573 3758 incurrere,
588 3709 676 3764 quum
697 3692 758 3750 haec
772 3695 802 3752 in
823 3695 935 3767 eosqui
956 3705 1058 3771 sponte
1080 3707 1194 3774 peccant

109 3793 164 3851 lata
177 3793 223 3859 sit,
238 3803 266 3849 et
278 3790 397 3866 proinde
411 3808 469 3848 nou
484 3789 587 3848 afficiat
600 3792 649 3863 qui
663 3794 742 3868 gravi
756 3802 832 3851 metu
847 3785 1012 3870 coguntur.⁶

150 3896 217 3951 178.
233 3888 449 3966 consanguinei
458 3891 612 3967 conjugum
621 3910 679 3949 nou
689 3891 760 3951 fiunt
770 3891 870 3950 affines
880 3893 953 3950 inter
961 3911 1011 3950 ss:
1027 3903 1195 3970 quapropter

144 4058 187 4123 (l)
207 4055 303 4119 Cepv.
315 4054 521 4123 demmonguin.
790 4060 832 4128 (2)
853 4060 914 4122 Cep.
928 4061 1094 4116 Porromv.
1106 4075 1145 4122 qu.
1157 4074 1177 4105 v.

142 4140 185 4206 (3)
205 4139 267 4203 Cep.
278 4140 328 4188 viii.
339 4140 369 4191 de
379 4141 545 4208 consanguine.

143 4222 186 4284 (4)
205 4221 273 4271 Trid.
286 4221 350 4270 Sese.
362 4224 430 4273 xxiv.
441 4239 494 4288 cap.
505 4224 537 4272 ir.
559 4224 623 4274 Vide
634 4232 658 4274 et
669 4225 767 4276 Bullem
779 4226 830 4275 lxii.
841 4226 867 4274 S.
881 4226 919 4277 Pii
931 4226 962 4275 V.

141 4303 184 4367 (5)
204 4302 266 4367 Cap.
277 4304 309 4352 iv.
321 4310 346 4352 et
357 4321 381 4354 x.
393 4305 422 4355 de
433 4322 460 4357 co
470 4307 517 4373 qui
526 4308 647 4374 cognovit.
781 4312 823 4376 (6)
843 4309 869 4359 S.
881 4311 957 4375 Aiph.
970 4311 986 4360 l.
998 4311 1030 4361 ri.
1042 4326 1067 4361 n.
1079 4312 1149 4360 1071.
