2640 4860
108 342 168 398 ato
457 331 515 391 DE
535 327 848 391 ABSOLUTIONE.

112 521 197 582 grave
211 501 302 569 affert,
318 498 426 558 adeout
435 499 463 556 in
476 517 510 557 ea
518 498 687 575 plerumque
698 508 828 575 peccent,
837 497 954 556 occasio
963 498 1098 574 proxima
1104 515 1154 576 per
1162 516 1183 556 n

113 603 232 661 dicitur:
262 600 304 656 sic
329 598 431 675 puellm
458 597 661 656 lascivibundae
687 596 862 656 consortium
883 595 1062 664 diuturnum,
1087 599 1184 655 semotis

114 699 235 765 arbitris,
249 710 293 755 est
305 699 419 755 occasio
440 698 572 773 proxima
580 714 635 774 per
648 714 679 752 se
700 696 896 772 impudicitiae.
927 693 1054 754 Occasio
1074 696 1186 773 proxima

109 796 315 878 peraccedens
336 797 437 854 dicitur
457 795 594 868 quidquid
609 813 693 870 grave
707 796 806 870 lapsus
819 793 980 870 periculum
1001 794 1084 852 affert
1096 793 1189 852 cuidam

115 900 150 956 ob
164 896 318 972 specialem
332 897 394 972 ejus
408 893 596 970 fragilitatem,
611 894 682 952 adeo
695 904 726 952 ut
738 893 900 965 frequenter
912 892 942 949 in
955 911 990 951 ea
1003 903 1120 969 peccet;
1138 892 1190 950 licet

116 998 260 1073 plerisque
274 1014 332 1055 non
353 1004 463 1051 noceat.
506 993 555 1050 Sic
569 1003 652 1068 potus
667 992 798 1051 modicus
812 993 883 1058 vini,
897 991 944 1049 vel
958 992 1074 1050 alterius
1087 993 1189 1064 liquoris

117 1106 160 1152 est
174 1094 343 1169 quibusdam
359 1092 489 1168 proxima
501 1093 644 1149 ebrietatis
664 1091 787 1149 occasio.
829 1089 958 1150 Remota
978 1091 1096 1150 occasio
1109 1091 1192 1148 dicitur

118 1195 167 1253 illa
181 1195 209 1251 in
220 1211 276 1265 qua
289 1192 422 1250 homines
436 1190 602 1265 plerumque
612 1208 669 1247 non
683 1198 811 1266 peccant,
823 1189 953 1262 quamvis
968 1189 1121 1264 aliquande
1132 1192 1158 1248 iu
1169 1207 1193 1245 ea

119 1295 204 1351 etiam
219 1300 347 1367 peccent.
389 1291 438 1346 Sic
453 1288 594 1359 colloquia
614 1307 678 1346 cum
694 1289 804 1354 amicis,
818 1287 1019 1356 deambulatio,
1031 1298 1061 1347 et
1081 1306 1192 1346 necessa·

120 1394 193 1450 rium
208 1408 272 1448 eum
286 1389 449 1447 concivibus
470 1388 685 1455 commercium,
700 1399 821 1463 possunt
833 1395 949 1462 peccato
964 1388 1092 1463 praebere
1104 1388 1191 1445 locun.

121 1491 181 1548 Res
195 1489 289 1547 omnis
301 1497 396 1565 potest
408 1505 472 1543 esse
492 1495 601 1543 remota
620 1488 733 1546 occasio
746 1485 876 1562 peccati:
898 1492 918 1521 ‘⁶
930 1487 1069 1557 quoniam
1080 1494 1193 1544 creature

121 1589 178 1648 Dei
191 1589 220 1646 in
234 1585 330 1644 odium
344 1585 423 1643 factae
438 1594 514 1652 sunt,
524 1594 551 1640 et
564 1584 593 1643 ia
608 1587 791 1643 tentationem
804 1583 952 1642 animabus
966 1585 1128 1651 hominum,
1141 1594 1166 1641 et
1175 1583 1195 1639 ia

122 1685 312 1762 muscipulam
337 1684 457 1761 pedibus
480 1680 723 1758 insipientium.’'¹
770 1681 949 1741 Voluntaria
975 1684 1092 1741 occasio
1116 1702 1148 1741 ea
1164 1689 1195 1738 est

122 1804 207 1858 quam
221 1785 286 1856 quis
300 1793 402 1859 sponte
417 1784 532 1859 appetit,
544 1801 632 1854 quum
641 1782 722 1840 facile
736 1791 834 1857 posset
846 1800 912 1840 eum
926 1780 1089 1861 declinare:
1111 1781 1196 1852 deque

122 1881 222 1942 meriti
250 1881 381 1941 damnata
406 1891 450 1939 est
472 1883 505 1939 ab
530 1881 701 1940 Innocentio
724 1880 779 1938 Xl.
800 1881 961 1957 propositio
980 1879 1060 1939 haec:
1084 1890 1103 1917 ‘⁴
1115 1880 1196 1940 Potest

124 1981 276 2054 aliquando
287 1982 407 2048 absolvi,
419 1981 467 2053 qui
479 1980 507 2038 in
522 1981 654 2056 proxima
662 1980 812 2039 occasione
825 1979 962 2055 peccandi
975 1990 1116 2048 versatur,
1127 1992 1196 2052 quan

124 2090 228 2157 potest,
242 2089 271 2137 et
284 2098 339 2137 non
352 2080 411 2137 vult
420 2079 560 2146 omittere,
571 2079 730 2150 quinimmo
739 2078 843 2136 directe
853 2089 882 2136 et
895 2096 932 2136 ex
942 2081 1093 2155 proposito
1106 2076 1198 2152 querit

125 2188 173 2237 aut
189 2178 216 2235 ci
238 2196 269 2234 se
292 2171 445 2251 ingerit.''²
485 2174 666 2235 Necessaria
686 2178 798 2235 occasio
811 2185 930 2249 estque
945 2177 1110 2236 nullatenus
1123 2174 1199 2252 possit

127 2276 230 2342 deseri,
245 2274 290 2331 vel
309 2276 409 2333 saltem
430 2273 505 2330 haud
526 2275 588 2332 sinc
609 2261 783 2352 gravissime*
797 2274 991 2334 incommodo·
1035 2276 1200 2351 Mancipiuu

128 2393 184 2447 quo
199 2373 285 2430 herus
299 2373 327 2428 in
342 2373 387 2429 sui
400 2371 548 2430 libidinem
570 2374 702 2442 abutitur,
718 2375 747 2432 iu
767 2376 927 2433 necessaria
939 2375 1095 2434 occasione
1109 2370 1203 2452 peccati

129 2480 275 2539 versatur3
295 2489 348 2529 nec
369 2473 446 2529 enim
467 2470 564 2548 fugere
585 2472 677 2530 valet:
699 2492 781 2540 uxor,
804 2491 861 2544 quo
880 2474 999 2532 maritus
1020 2484 1121 2533 contra
1138 2473 1204 2549 leges

129 2572 257 2649 conjugii
271 2571 366 2638 utitur,
381 2581 424 2629 cst
437 2571 467 2628 in
480 2573 631 2629 occasione
645 2570 856 2644 quodammode
873 2572 1045 2630 necessaria.
1088 2568 1206 2631 Moralit

129 2671 230 2729 dicitur
241 2671 405 2738 necessitas,
416 2689 478 2744 quae
489 2689 526 2727 ex
536 2689 639 2748 magna
648 2671 692 2727 sui
706 2670 825 2728 utilitate
836 2671 932 2739 oritur,
943 2671 1036 2744 qualis
1051 2681 1097 2730 est
1109 2688 1206 2732 eorum

130 2772 178 2842 qui
200 2789 313 2837 munus,
329 2788 385 2842 quo
405 2778 606 2837 sustentantur,
621 2768 749 2826 deserere
769 2777 947 2844 cogerentur,
961 2769 997 2826 ad
1017 2771 1128 2845 peceati
1141 2786 1208 2827 occa·

130 2872 240 2928 sionem
254 2867 458 2926 declinandam.
502 2869 551 2925 Sic
566 2859 692 2926 medicus
707 2867 868 2939 aliquando,
881 2869 910 2925 in
924 2886 1059 2927 venerem
1073 2868 1208 2945 proclivis,

131 2969 180 3026 vix
201 2977 299 3045 posset
321 2968 405 3024 saluti
430 2967 589 3034 consulere,
611 2966 665 3024 nisi
688 2977 745 3024 arte
772 2966 937 3024 deserenda.
979 2966 1107 3026 Occasio
1128 2967 1210 3039 aliqua

132 3067 260 3125 subsistit
274 3077 302 3123 et
322 3075 477 3142 permanet,
492 3076 520 3123 et
533 3065 596 3124 ideo
612 3065 646 3123 in
667 3083 728 3122 esse
743 3064 853 3132 dicitur,
867 3066 959 3138 qualis
980 3074 1025 3123 est
1045 3067 1211 3124 consortium

133 3166 306 3231 concubinae,
321 3183 404 3235 quam
420 3164 497 3223 domi
518 3165 580 3236 quis
600 3167 709 3222 retinet.
751 3164 825 3222 Eam
840 3163 918 3222 domi
938 3166 1060 3223 retinere
1082 3174 1211 3228 censetur,

132 3283 195 3337 quae
209 3263 325 3320 domum
337 3262 469 3319 conducit
479 3263 507 3320 in
521 3282 577 3335 qua
589 3266 650 3339 ipsa
658 3263 773 3330 habitat,
785 3281 904 3336 eamque
919 3264 1015 3322 visitat
1027 3263 1117 3322 veluti
1130 3280 1211 3327 suam,

132 3363 200 3420 licet
213 3362 274 3436 ipse
286 3359 351 3416 alibi
361 3372 500 3418 moretur:
523 3364 635 3421 occasio
645 3363 714 3420 foris
725 3363 866 3435 quaritur,
879 3362 994 3435 quando
1004 3363 1069 3434 quis
1081 3362 1213 3435 quandam

132 3459 230 3517 invisit
242 3476 327 3528 quam
342 3476 400 3515 uon
410 3458 447 3515 ita
460 3460 514 3517 sibi
528 3462 637 3518 retinet.
680 3461 753 3518 Haec
761 3462 874 3519 occasio
885 3462 1016 3538 proxima
1025 3461 1157 3521 habenda
1169 3468 1213 3526 est,

55 3552 68 3571 ‘
133 3560 157 3616 si
177 3557 266 3614 homo
285 3566 386 3632 peccet
405 3558 517 3629 quoties
538 3559 678 3632 quandam
701 3560 807 3627 invisit,
821 3559 888 3618 lieet
907 3560 936 3618 id
956 3561 1105 3636 contingat
1124 3558 1211 3624 semel,

133 3658 180 3715 vel
203 3656 258 3724 bis,
280 3658 310 3714 in
333 3675 426 3724 anno;
449 3675 510 3728 quae
534 3658 655 3735 proinde
677 3660 756 3717 nullo
775 3659 862 3717 modo
881 3660 916 3717 ab
932 3679 967 3717 eo
990 3659 1143 3717 invisenda
1155 3647 1214 3718 εει.3

133 3757 234 3815 Sedet
253 3756 385 3833 proxima
398 3767 441 3813 est
454 3759 577 3825 occasio,
593 3759 618 3816 si
632 3759 696 3830 quis
711 3775 787 3834 saepe
802 3778 867 3816 cum
888 3757 1011 3833 quadam
1032 3769 1144 3833 peccet,
1157 3759 1212 3816 licet

133 3857 210 3916 haud
224 3857 317 3923 toties,
331 3857 442 3927 quoties
457 3855 538 3914 datur
551 3857 642 3932 eopia.
991 3911 993 3916 .

175 3959 242 4019 186.
270 3955 388 4013 Certum
404 3966 448 4012 cst
461 3956 641 4012 occasionem
656 3953 861 4014 voluntariam
875 3964 903 4012 et
910 3953 1090 4034 pronianum
1103 3953 1211 4032 peceati,

133 4056 193 4116 sive
207 4073 400 4122 communem,
415 4055 475 4112 sive
489 4055 654 4130 specialem,
675 4054 830 4131 praesertim
851 4072 914 4127 quae
937 4052 1013 4132 apud
1032 4072 1064 4112 se
1079 4054 1210 4115 retinetur,

171 4271 213 4336 (l)
232 4269 289 4339 Sap.
301 4270 349 4321 uir.
361 4274 400 4320 11.
528 4274 569 4337 (2)
590 4271 662 4336 Prop.
674 4272 716 4320 lxi.
837 4273 879 4339 (³)
899 4271 925 4321 S.
936 4270 1013 4340 Alph.
1024 4271 1040 4328 l.
1052 4271 1084 4323 ri·
1095 4287 1120 4324 n.
1129 4271 1182 4322 452.
