2640 4860
107 372 165 429 112
183 364 241 429 ΒΕ
254 364 309 427 llS
321 362 425 434 011AE
437 362 493 423 ΔΙ)
505 361 1121 432 CELEBRAND.REQU1RUNTUR.
1186 438 1188 442 Ι

146 537 213 593 loll.
234 533 340 592 Velum
353 542 383 591 et
395 533 481 591 bursa
500 533 577 591 intus
590 531 701 589 habens
713 529 860 608 corporale
881 531 1022 608 plicatum
1041 531 1197 593 adhibenda

103 642 186 692 sunt:
201 642 375 710 quapropter
387 631 522 709 culpandi
531 631 655 704 suntqui
668 630 802 690 omittunt
808 630 985 700 alterutrum,
995 632 1043 691 vel
1053 632 1195 710 corporale

104 744 187 792 extra
199 733 313 791 hiarcam
328 731 469 791 deterunt.

146 836 158 889 1
263 832 393 908 orporale
406 832 514 889 lineum
528 827 666 888 mundum
679 829 731 888 rite
745 829 927 888 benedictum
937 831 1137 890 necessarium
1146 841 1197 898 cst,

104 928 182 1004 quod
274 930 359 990 mode
386 931 478 1008 possit
499 929 622 988 hostiam
648 947 713 986 cum
740 929 831 988 calice
853 931 1017 989 continere:
1045 949 1114 989 nam
1136 932 1198 1008 jure

104 1028 244 1090 canonico
257 1040 392 1088 statutum
414 1041 459 1088 est
471 1047 535 1087 esse
547 1027 747 1088 celebrandum
762 1029 936 1088 sacrificium
950 1039 970 1066 “
981 1031 1012 1088 in
1026 1048 1102 1106 puro
1113 1031 1200 1089 linteo

104 1130 139 1187 ab
152 1133 292 1210 episcopo
311 1138 477 1189 consecrato
489 1171 497 1186 .
509 1172 517 1186 .
528 1170 535 1186 .
547 1129 621 1186 sicut
633 1146 737 1204 corpus
751 1128 871 1188 Domini
891 1131 981 1188 nostri
994 1128 1068 1188 Jeeu
1090 1129 1200 1189 Christi

104 1230 133 1288 in
148 1230 269 1289 sindone
282 1231 358 1288 linea
378 1228 484 1288 munda
496 1228 639 1305 sepultum
653 1223 755 1285 fuit.”¹
795 1228 876 1287 Palla
891 1231 953 1306 pari
974 1229 1011 1288 de
1026 1248 1113 1288 causa
1125 1230 1198 1288 linea

105 1349 170 1388 esse
183 1330 275 1396 debet,
290 1340 464 1406 quapropter
476 1328 508 1385 S.
523 1328 641 1386 Rituum
657 1325 852 1406 congregatio
865 1328 971 1404 saepius
987 1331 1076 1387 vetuit
1095 1330 1198 1387 sericas

106 1431 152 1488 vel
165 1431 279 1488 alterius
293 1430 418 1487 materie
432 1427 566 1486 adhibere
582 1434 602 1462 “
612 1427 640 1484 in
653 1427 794 1486 sacrificio
803 1428 903 1487 Missae
914 1446 972 1486 non
986 1427 1148 1486 adhibenda
1157 1439 1200 1486 est

105 1529 301 1606 pallaaparte
321 1528 462 1605 superiori
482 1527 591 1604 drappo
612 1527 703 1584 serico
722 1518 911 1604 cooperta;”²
924 1545 981 1599 qna
1000 1529 1032 1587 in
1051 1546 1083 1585 re
1106 1546 1199 1586 emen·

106 1628 207 1687 dandae
221 1638 287 1686 suut
306 1626 525 1688 consuetudines
546 1627 649 1685 alicubi
669 1625 801 1685 inductoe.
835 1626 1041 1686 Benedicenda
1059 1636 1106 1686 est
1127 1627 1200 1706 palla

107 1728 195 1785 instar
208 1720 389 1804 corporalis.³
429 1727 658 1786 Purificatorium
677 1725 784 1784 lineum
805 1745 920 1800 quoqne
941 1729 981 1786 eit
999 1746 1121 1787 necesse
1139 1736 1198 1785 est:

107 1827 186 1900 quod
207 1845 264 1886 non
285 1825 400 1905 indiget
415 1827 622 1887 benedictione.
665 1825 844 1902 corporalia,
859 1826 941 1903 pallre
961 1837 990 1885 et
999 1827 1199 1904 purificatoria,

109 1938 176 1986 sunt
188 1929 309 1986 omnino
321 1947 338 1985 a
351 1927 534 1987 subdiaconis
548 1935 595 1985 aut
607 1926 670 1984 aliis
684 1927 796 1985 clericis
809 1926 939 1993 lavanda,
954 1936 1107 1999 antequam
1121 1926 1199 1984 laicis

110 2026 253 2086 tradantur
279 2028 383 2099 quibus
407 2026 561 2084 secundam
582 2037 611 2084 et
624 2026 732 2084 tertiam
753 2026 890 2085 lotionem
904 2026 997 2084 facere
1017 2027 1200 2104 permittitur,

108 2138 137 2181 et
150 2144 224 2198 aqua
236 2126 352 2184 lotionis
370 2127 399 2184 in
412 2126 565 2182 sacrarium
580 2125 757 2202 projicienda
771 2135 824 2183 est.

425 2338 521 2416 §.111.
563 2338 611 2397 Du
631 2358 732 2399 sactus
752 2360 882 2400 vssrnns.

104 2584 106 2588 .
151 2523 218 2577 107.
250 2516 337 2577 Calix
370 2529 400 2575 et
430 2528 534 2595 patena
566 2531 731 2578 consecrata
765 2520 962 2593 requiruntur:
1000 2520 1077 2579 calix
1106 2536 1198 2583 autem

108 2619 194 2678 debet
218 2638 283 2678 esse
305 2618 351 2677 vel
377 2638 488 2688 aureus,
507 2619 552 2677 vel
572 2630 731 2696 argenteus,
753 2629 802 2678 aut
821 2620 922 2678 saltem
949 2620 1053 2678 habere
1078 2640 1202 2700 cuppam

108 2729 272 2798 argenteam
292 2721 368 2779 intus
394 2719 560 2788 inauratam,
575 2727 603 2775 et
622 2719 709 2777 simul
728 2739 795 2778 cum
820 2730 923 2796 patena
942 2720 1018 2778 intus
1039 2721 1199 2780 inaurata.”

110 2817 239 2897 Cogente
264 2828 429 2897 paupertate
462 2831 596 2879 stanneus
626 2819 804 2896 permittitur,
831 2819 882 2877 sed
914 2820 1026 2896 ligneus
1060 2821 1202 2880 vitreusve

110 2920 228 2980 omnino
242 2921 426 2998 prohibetur:
449 2921 547 2994 “quia
559 2919 669 2978 scilicet
687 2919 797 2996 lignum
814 2937 950 2996 porosum
969 2929 1023 2988 est,
1036 2930 1066 2977 et
1085 2922 1201 2999 sanguis

109 3029 288 3079 consecratus
312 3022 341 3079 in
365 3039 399 3078 eo
425 3030 599 3078 remaneret:
622 3021 724 3078 vitrum
745 3028 839 3078 autem
865 3018 964 3096 fragile
987 3029 1040 3087 est,
1056 3029 1085 3078 et
1104 3030 1202 3098 posset

108 3119 255 3177 fractionis
270 3119 428 3196 periculum
441 3115 642 3178 imminere.”⁴
683 3128 702 3155 ‘⁶
722 3120 755 3177 si
769 3120 833 3191 quis
848 3129 943 3177 autem
954 3127 1011 3177 tam
1024 3138 1136 3197 pauper
1149 3131 1201 3186 est,

107 3216 208 3276 saltem
223 3220 268 3276 vel
285 3229 435 3277 stanneum
456 3219 574 3276 calicem
594 3218 714 3276 habeat:
730 3219 765 3277 de
786 3238 840 3277 aere
860 3227 907 3277 aut
919 3217 1062 3278 orichalco
1082 3239 1142 3279 non
1154 3221 1204 3278 fiat

79 3302 95 3329 '¹
108 3314 200 3374 calix:
217 3317 283 3387 quia
297 3319 333 3374 ob
347 3316 406 3373 vini
418 3316 551 3374 virtutem
567 3318 721 3394 aeruginem
735 3319 890 3395 paritque
902 3319 1042 3376 vomitum
1053 3328 1199 3396 provocat:

108 3413 203 3472 nullus
218 3424 310 3472 auten
324 3416 354 3472 in
367 3415 463 3490 ligneo
477 3424 525 3472 aut
537 3417 625 3473 vitreo
635 3416 723 3474 calice
739 3426 892 3494 praesumat
904 3418 1027 3476 Missam
1038 3412 1203 3478 cantare.”⁵

108 3511 190 3570 Licet
202 3512 286 3590 igitur
298 3524 417 3572 stanneo
430 3513 518 3572 calice
531 3516 583 3582 uti,
598 3526 771 3593 quapropter
783 3517 912 3575 Missalis
925 3516 1050 3576 Romani
1068 3519 1200 3578 Rubricae

109 3623 209 3674 notant
223 3615 294 3672 inter
307 3612 452 3672 desectus:
475 3622 495 3649 ‘⁴
507 3614 532 3671 si
552 3633 609 3672 non
622 3614 695 3673 adsit
713 3617 788 3675 calix
805 3635 870 3674 cum
892 3628 993 3693 patena
1012 3620 1199 3684 conveniens,

108 3712 189 3792 cujus
203 3734 297 3793 cuppa
317 3714 399 3773 debet
417 3732 481 3772 esse
501 3733 596 3783 aurea,
607 3715 653 3772 vel
675 3725 815 3794 argentea,
830 3716 875 3774 vel
897 3726 1024 3784 stannea,
1039 3737 1098 3777 non
1118 3736 1200 3784 terea,

109 3815 155 3874 vel
168 3807 304 3875 vitrea.”⁶

150 3919 217 3976 108.
230 3915 453 3976 Consecratione
462 3932 536 3974 nova
545 3933 618 3991 opus
629 3926 681 3983 est,
689 3915 715 3973 si
725 3914 820 3974 calicis
830 3933 924 3992 cuppa
932 3935 949 3972 a
957 3913 1030 3993 pede
1039 3916 1198 3976 divellatur:

143 4075 186 4140 (1)
207 4076 270 4126 Cau.
282 4077 398 4127 xlvidist.
413 4077 587 4130 Ldeoousecr.
700 4080 743 4145 (2)
763 4074 1167 4128 Decr.s.c.dieaesan.1roo.

143 4157 186 4222 (a)
206 4159 497 4223 S.A1ph.tvi.n.asr.
1190 4160 1194 4171 '

143 4239 186 4305 (4)
205 4239 232 4289 S.
242 4241 332 4292 Thone.
343 4242 377 4292 iii.
387 4259 412 4308 p.
420 4260 462 4307 qu.
473 4245 569 4298 lxxxiii.
580 4254 623 4298 art.
631 4247 666 4298 iii.
677 4246 738 4297 ado.

144 4321 186 4386 (5)
207 4320 269 4372 Gan.
281 4323 331 4372 xlv.
342 4323 390 4374 diet
404 4328 425 4373 1.
436 4324 466 4376 dc
475 4343 579 4382 consecr.
697 4331 740 4397 (6)
760 4328 798 4379 De
808 4325 944 4396 defectibus
956 4327 986 4378 io
996 4328 1145 4380 minoren.
