2640 4860
394 382 451 445 DE
473 382 652 443 OFFlOlIS
673 381 922 442 OONJUGUM.
1141 390 1199 445 ³19

108 548 146 606 sit
168 565 200 604 se
215 545 367 624 disponere
387 551 422 609 ad
444 551 595 629 copulam3
616 549 692 608 unde
712 568 776 608 cum
789 550 892 627 copula
905 557 972 608 tunc
985 567 1044 608 non
1057 550 1095 608 sit
1106 553 1199 627 possi·

109 647 186 715 bilis,
208 655 297 705 tactus
321 667 386 710 oum
409 652 506 728 seipso
527 652 645 710 omnino
665 650 692 706 ei
716 658 782 707 sunt
802 649 910 717 illiciti;
933 658 992 708 tum
1023 650 1090 722 qnia
1111 659 1201 709 tactus
1290 666 1305 687 ¹·

108 745 321 823 pudendorum,
345 749 458 825 qnando
477 751 549 809 fiunt
562 768 685 817 morose,
707 758 735 806 et
754 768 819 806 cum
834 750 1025 808 commotione
1038 749 1199 825 spirituum,

108 865 160 922 per
173 864 205 903 se
219 847 338 907 tendunt
351 850 385 907 ad
400 850 598 926 pollutionem,
619 858 741 921 suntque
762 849 894 926 proxime
914 849 1039 906 connexi
1057 867 1122 907 cum
1137 849 1200 927 ejus

109 938 287 1021 periculo.'’¹

154 1048 222 1102 109.
245 1044 378 1124 Oonjuge
400 1048 526 1115 absente,
548 1047 696 1105 delectatio
718 1044 753 1105 de
774 1045 878 1122 copula
900 1045 1020 1122 cogitata
1041 1064 1099 1103 uon
1125 1058 1202 1106 caret

108 1144 190 1221 gravi
204 1145 342 1221 periculo.
385 1147 448 1205 “Si
469 1147 617 1205 delectatio
640 1145 775 1203 habeatur
796 1163 853 1202 non
874 1145 967 1202 solum
987 1163 1052 1203 cum
1074 1163 1201 1204 commo·

109 1244 189 1301 tione
212 1244 375 1319 spirituum,
399 1245 451 1306 sed
473 1248 559 1305 etiam
582 1264 647 1304 cum
668 1245 826 1303 titillatione
847 1262 896 1301 seu
911 1244 1055 1320 voluptate
1068 1262 1199 1314 venerea,

109 1343 203 1400 sentio
217 1361 282 1401 curn
298 1343 452 1404 concina.
469 1389 476 1404 .
493 1388 500 1403 .
516 1354 613 1403 contra
633 1345 751 1420 Sporer,
773 1360 837 1403 eam
858 1361 915 1401 non
936 1362 1021 1420 posse
1041 1345 1171 1402 excusari
1185 1364 1201 1401 a

111 1441 233 1510 mortali,
258 1445 325 1515 quia
348 1445 410 1502 talis
431 1445 579 1504 delectatio
600 1455 645 1501 est
665 1443 797 1520 proximo
814 1443 966 1519 conjuncta
987 1462 1051 1501 cum
1071 1443 1201 1520 periculo

110 1541 290 1617 pollutionis.
333 1544 424 1602 Secus
447 1543 513 1603 verd
537 1551 605 1620 puto
633 1542 797 1608 dicendum,
821 1543 846 1599 si
867 1543 940 1600 absit
961 1542 1009 1600 illa
1031 1543 1203 1621 voluptuosa

111 1641 245 1709 titillatio,
255 1642 320 1715 quia
335 1652 401 1702 tunc
415 1664 471 1702 non
485 1653 530 1701 est
541 1642 721 1700 delectationi
730 1641 863 1723 floxime
878 1641 1019 1700 adnexum
1044 1643 1202 1718 periculum

111 1740 288 1817 pollutionis,
303 1744 415 1802 etiamsi
436 1744 510 1802 adsit
530 1744 685 1800 commotio
704 1738 866 1819 spirituum,
888 1751 916 1799 et
938 1742 979 1800 sic
999 1760 1098 1801 revera
1116 1743 1203 1801 sentit

112 1839 256 1908 Sanchez,
271 1861 337 1900 cum
351 1844 389 1901 ibi
404 1862 462 1902 non
475 1853 596 1900 excuset
608 1842 826 1900 delectationem
846 1859 910 1898 cum
925 1842 1068 1917 voluptate
1082 1861 1202 1900 venerea

111 1938 163 1996 sed
178 1949 285 1998 tantum
307 1940 351 2021 (ut
363 1939 413 2020 ait)
428 1953 493 2001 cnm
507 1942 700 2000 commotione
720 1949 748 1998 et
769 1940 933 1999 alteratione
957 1941 1078 2018 partium
1093 1942 1201 2014 absque

112 2039 280 2115 pollutionis
295 2042 432 2118 periculo.
474 2043 513 2101 At
526 2043 593 2115 quia
606 2042 669 2098 talis
683 2041 837 2098 commotio
851 2039 1012 2116 propinqua
1024 2052 1069 2098 est
1082 2042 1123 2100 illi
1138 2040 1202 2099 titil-

112 2137 210 2196 lationi
225 2141 412 2216 voluptuosae,
427 2143 491 2200 ideo
505 2143 630 2199 maxime
644 2138 775 2198 hortandi
795 2148 861 2197 sunt
874 2141 1022 2218 conjuges,
1035 2151 1068 2199 ut
1080 2141 1202 2201 abstine·

113 2247 160 2294 ant
173 2238 208 2295 ab
221 2237 385 2316 hujusmodi
399 2241 583 2301 delectatione
598 2231 761 2302 morosa.”²
787 2239 880 2297 Venia
893 2241 930 2298 sit
942 2235 1053 2299 dictis.³

147 2443 191 2508 (l)
211 2440 241 2489 L.
248 2442 281 2490 vi.
291 2459 316 2492 n.
328 2445 386 2492 936.
689 2445 733 2511 (2)
753 2445 852 2504 lbidem,
864 2461 889 2492 n.
903 2448 961 2496 937.

149 2529 192 2592 (3)
212 2527 323 2591 Inclytus
339 2530 439 2592 scriptor
456 2529 495 2580 De
514 2529 613 2580 Meietro
624 2530 654 2579 de
665 2529 773 2594 conjugii
784 2532 863 2579 abusu
873 2529 924 2582 hec
936 2532 1101 2594 notavitque
1113 2531 1203 2595 ponde·

112 2616 166 2659 rent
177 2617 271 2674 oportet
289 2612 331 2674 qui
342 2612 480 2665 affectantes
491 2630 586 2666 morum
603 2614 732 2683 puritatem
749 2630 763 2661 s
775 2613 910 2662 scrutandis
921 2615 992 2663 rebus
1003 2615 1150 2664 matrimonii
1161 2616 1202 2664 ab·
1280 2628 1287 2669 ,·
1305 2632 1314 2655 -·

112 2694 225 2745 horrent:
244 2696 292 2745 “Si
303 2712 366 2751 nous
377 2699 496 2762 pouvione
508 2699 648 2764 aperqcvoir
659 2698 799 2747 cleirement
814 2704 870 2748 tous
884 2698 919 2746 les
936 2713 1011 2749 meua
1029 2698 1072 2762 qui
1083 2700 1203 2750 resultent
1290 2736 1295 2743 .

112 2781 154 2830 des
165 2783 326 2843 gdnerations
337 2783 527 2845 desordonnc‘es‚
539 2791 562 2833 et
573 2784 616 2834 des
637 2783 815 2833 innombrables
831 2778 1038 2855 profanasque
1047 2784 1071 2832 la
1081 2783 1202 2848 premidre

112 2867 144 2918 loi
155 2869 190 2918 du
205 2869 303 2928 monde,
315 2885 380 2919 nous
397 2870 543 2919 reculerions
562 2870 585 2918 d'
608 2869 715 2919 horreur.
750 2867 824 2917 vona
841 2848 1002 2932 pourquffl
1016 2869 1083 2919 saule
1100 2868 1202 2930 religion

112 2956 176 3005 vraie
188 2964 226 3005 est
236 2957 303 3006 aussi
313 2957 337 3005 la
348 2956 414 3004 seule
425 2956 468 3018 qui
479 2971 536 3004 sans
547 2955 649 3019 pouvoir
659 2962 713 3004 tout
724 2955 774 3003 dire
785 2953 801 3003 ὲ
813 2953 829 3002 l'
841 2954 946 3013 homme,
958 2953 1043 3002 moit
1054 2954 1202 3003 nesnmoins

113 3043 226 3104 emparee
237 3041 272 3090 du
282 3040 395 3102 mariage,
406 3046 431 3088 et
441 3039 457 3089 l’
470 3040 503 3088 eit
513 3041 604 3089 soumit
615 3039 631 3089 a
642 3040 672 3088 de
683 3039 773 3088 saintes
784 3038 975 3088 ordonnances.”
1009 3037 1046 3088 Le
1064 3038 1201 3092 comte-De

113 3125 221 3188 Maistre,
233 3125 329 3175 Scirees
340 3127 370 3182 de
382 3125 631 3195 saint-Petersbourg,
645 3127 656 3172 l
670 3124 805 3182 Entretien,
816 3139 841 3188 p.
849 3125 889 3177 55.
