<?xml version="1.0" encoding="UTF-8"?>
<!DOCTYPE html PUBLIC "-//W3C//DTD XHTML 1.0 Transitional//EN"
    "http://www.w3.org/TR/xhtml1/DTD/xhtml1-transitional.dtd">
<html xmlns="http://www.w3.org/1999/xhtml" xml:lang="en" lang="en">
 <head>
  <title>
</title>
<meta http-equiv="Content-Type" content="text/html;charset=utf-8" />
  <meta name='ocr-system' content='tesseract 3.04.00' />
  <meta name='ocr-capabilities' content='ocr_page ocr_carea ocr_par ocr_line ocrx_word'/>
</head>
<body>
  <div class='ocr_page' id='page_1' title='image "./theologiaemoral01kenrgoog_0288.png"; bbox 0 0 2640 4860; ppageno 0'>
   <div class='ocr_carea' id='block_1_1' title="bbox 437 401 1151 468">
    <p class='ocr_par' dir='ltr' id='par_1_1' title="bbox 437 401 1151 468">
     <span class='ocr_line' id='line_1_1' title="bbox 437 401 1151 468; baseline 0.008 -6"><span class='ocrx_word' id='word_1_1' title='bbox 437 401 578 463; x_wconf 76' lang='lat' dir='ltr'>ctPtJ‘r</span> <span class='ocrx_word' id='word_1_2' title='bbox 599 402 781 464; x_wconf 84' lang='lat' dir='ltr'>UNIOUM.</span> <span class='ocrx_word' id='word_1_3' title='bbox 1092 412 1151 468; x_wconf 80' lang='grc'>265</span> 
     </span>
    </p>
   </div>
   <div class='ocr_carea' id='block_1_2' title="bbox 41 567 1151 1736">
    <p class='ocr_par' dir='ltr' id='par_1_2' title="bbox 41 567 1151 1736">
     <span class='ocr_line' id='line_1_2' title="bbox 64 567 1151 652; baseline 0.005 -25"><span class='ocrx_word' id='word_1_4' title='bbox 64 570 132 642; x_wconf 91' lang='lat' dir='ltr'>quin</span> <span class='ocrx_word' id='word_1_5' title='bbox 145 569 233 629; x_wconf 91' lang='lat' dir='ltr'>instar</span> <span class='ocrx_word' id='word_1_6' title='bbox 252 567 381 629; x_wconf 81' lang='lat' dir='ltr'><strong>miraculi</strong></span> <span class='ocrx_word' id='word_1_7' title='bbox 403 569 457 638; x_wconf 88' lang='lat' dir='ltr'>sit;</span> <span class='ocrx_word' id='word_1_8' title='bbox 476 570 565 628; x_wconf 87' lang='lat' dir='ltr'>virtus</span> <span class='ocrx_word' id='word_1_9' title='bbox 589 571 696 648; x_wconf 84' lang='lat' dir='ltr'>quippe</span> <span class='ocrx_word' id='word_1_10' title='bbox 716 571 885 629; x_wconf 84' lang='lat' dir='ltr'>sacramenti</span> <span class='ocrx_word' id='word_1_11' title='bbox 908 579 1014 631; x_wconf 88' lang='lat' dir='ltr'>tantum</span> <span class='ocrx_word' id='word_1_12' title='bbox 1038 571 1151 652; x_wconf 87' lang='lat' dir='ltr'>adjuvat</span> 
     </span>
     <span class='ocr_line' id='line_1_3' title="bbox 63 667 1147 746; baseline 0.005 -20"><span class='ocrx_word' id='word_1_13' title='bbox 63 669 190 728; x_wconf 92' lang='lat' dir='ltr'>remedia</span> <span class='ocrx_word' id='word_1_14' title='bbox 215 677 244 727; x_wconf 89' lang='lat' dir='ltr'>et</span> <span class='ocrx_word' id='word_1_15' title='bbox 268 667 397 727; x_wconf 91' lang='lat' dir='ltr'>subsidia</span> <span class='ocrx_word' id='word_1_16' title='bbox 420 677 452 726; x_wconf 91' lang='lat' dir='ltr'>ut</span> <span class='ocrx_word' id='word_1_17' title='bbox 473 669 593 728; x_wconf 82' lang='lat' dir='ltr'>valeant.</span> <span class='ocrx_word' id='word_1_18' title='bbox 642 670 810 729; x_wconf 88' lang='lat' dir='ltr'>“Extrema</span> <span class='ocrx_word' id='word_1_19' title='bbox 835 670 964 739; x_wconf 88' lang='lat' dir='ltr'>unctio,‘’</span> <span class='ocrx_word' id='word_1_20' title='bbox 990 673 1085 746; x_wconf 88' lang='lat' dir='ltr'>inquit</span> <span class='ocrx_word' id='word_1_21' title='bbox 1114 672 1147 731; x_wconf 88' lang='lat' dir='ltr'>S.</span> 
     </span>
     <span class='ocr_line' id='line_1_4' title="bbox 64 766 1151 845; baseline 0.006 -21"><span class='ocrx_word' id='word_1_22' title='bbox 64 767 206 836; x_wconf 82' lang='lat' dir='ltr'><strong>Thomas,</strong></span> <span class='ocrx_word' id='word_1_23' title='bbox 222 776 241 803; x_wconf 80' lang='lat'>‘⁴</span> <span class='ocrx_word' id='word_1_24' title='bbox 252 786 311 826; x_wconf 93' lang='lat' dir='ltr'>non</span> <span class='ocrx_word' id='word_1_25' title='bbox 324 766 391 830; x_wconf 84' lang='lat' dir='ltr'>facit</span> <span class='ocrx_word' id='word_1_26' title='bbox 408 768 585 844; x_wconf 84' lang='lat' dir='ltr'>corporalem</span> <span class='ocrx_word' id='word_1_27' title='bbox 599 769 773 826; x_wconf 78' lang='lat' dir='ltr'>sanationem</span> <span class='ocrx_word' id='word_1_28' title='bbox 788 786 824 826; x_wconf 86' lang='lat' dir='ltr'>ex</span> <span class='ocrx_word' id='word_1_29' title='bbox 845 770 1016 845; x_wconf 81' lang='lat' dir='ltr'>proprietate</span> <span class='ocrx_word' id='word_1_30' title='bbox 1029 771 1151 830; x_wconf 89' lang='lat' dir='ltr'>naturali</span> 
     </span>
     <span class='ocr_line' id='line_1_5' title="bbox 63 865 1151 944; baseline 0.004 -19"><span class='ocrx_word' id='word_1_31' title='bbox 63 867 199 934; x_wconf 76' lang='lat' dir='ltr'>materie,</span> <span class='ocrx_word' id='word_1_32' title='bbox 214 866 264 924; x_wconf 89' lang='lat' dir='ltr'>sed</span> <span class='ocrx_word' id='word_1_33' title='bbox 277 883 314 924; x_wconf 85' lang='lat' dir='ltr'>ex</span> <span class='ocrx_word' id='word_1_34' title='bbox 326 866 427 924; x_wconf 88' lang='lat' dir='ltr'>virtute</span> <span class='ocrx_word' id='word_1_35' title='bbox 441 865 537 924; x_wconf 89' lang='lat' dir='ltr'>divina</span> <span class='ocrx_word' id='word_1_36' title='bbox 556 885 619 939; x_wconf 82' lang='lat' dir='ltr'>quae</span> <span class='ocrx_word' id='word_1_37' title='bbox 638 866 838 924; x_wconf 72' lang='lat' dir='ltr'>rationabiliter</span> <span class='ocrx_word' id='word_1_38' title='bbox 856 878 998 944; x_wconf 86' lang='lat' dir='ltr'>operatur.</span> <span class='ocrx_word' id='word_1_39' title='bbox 1031 869 1072 928; x_wconf 88' lang='lat' dir='ltr'>Et</span> <span class='ocrx_word' id='word_1_40' title='bbox 1084 871 1151 943; x_wconf 92' lang='lat' dir='ltr'>quia</span> 
     </span>
     <span class='ocr_line' id='line_1_6' title="bbox 63 964 1151 1042; baseline 0.005 -20"><span class='ocrx_word' id='word_1_41' title='bbox 63 965 133 1022; x_wconf 89' lang='lat' dir='ltr'>ratio</span> <span class='ocrx_word' id='word_1_42' title='bbox 147 983 269 1042; x_wconf 89' lang='lat' dir='ltr'>operans</span> <span class='ocrx_word' id='word_1_43' title='bbox 280 983 435 1038; x_wconf 91' lang='lat' dir='ltr'>numquam</span> <span class='ocrx_word' id='word_1_44' title='bbox 446 965 555 1023; x_wconf 83' lang='lat' dir='ltr'>inducit</span> <span class='ocrx_word' id='word_1_45' title='bbox 567 964 765 1024; x_wconf 90' lang='lat' dir='ltr'>secundarium</span> <span class='ocrx_word' id='word_1_46' title='bbox 773 964 917 1032; x_wconf 86' lang='lat' dir='ltr'>effectum,</span> <span class='ocrx_word' id='word_1_47' title='bbox 928 967 984 1024; x_wconf 91' lang='lat' dir='ltr'>nisi</span> <span class='ocrx_word' id='word_1_48' title='bbox 993 969 1151 1027; x_wconf 91' lang='lat' dir='ltr'>secundum</span> 
     </span>
     <span class='ocr_line' id='line_1_7' title="bbox 64 1062 1151 1142; baseline 0.002 -21"><span class='ocrx_word' id='word_1_49' title='bbox 64 1063 142 1136; x_wconf 93' lang='lat' dir='ltr'>quod</span> <span class='ocrx_word' id='word_1_50' title='bbox 156 1063 272 1141; x_wconf 79' lang='lat' dir='ltr'>expedit</span> <span class='ocrx_word' id='word_1_51' title='bbox 290 1062 326 1121; x_wconf 92' lang='lat' dir='ltr'>ad</span> <span class='ocrx_word' id='word_1_52' title='bbox 344 1064 548 1140; x_wconf 84' lang='lat' dir='ltr'>principalem:</span> <span class='ocrx_word' id='word_1_53' title='bbox 563 1063 628 1121; x_wconf 92' lang='lat' dir='ltr'>ideo</span> <span class='ocrx_word' id='word_1_54' title='bbox 641 1082 678 1121; x_wconf 87' lang='lat' dir='ltr'>ex</span> <span class='ocrx_word' id='word_1_55' title='bbox 691 1063 746 1122; x_wconf 91' lang='lat' dir='ltr'>hoc</span> <span class='ocrx_word' id='word_1_56' title='bbox 765 1073 942 1122; x_wconf 87' lang='lat' dir='ltr'>sacramento</span> <span class='ocrx_word' id='word_1_57' title='bbox 960 1083 1018 1123; x_wconf 93' lang='lat' dir='ltr'>non</span> <span class='ocrx_word' id='word_1_58' title='bbox 1037 1084 1151 1142; x_wconf 80' lang='lat' dir='ltr'>semper</span> 
     </span>
     <span class='ocr_line' id='line_1_8' title="bbox 64 1161 1149 1238; baseline 0.002 -18"><span class='ocrx_word' id='word_1_59' title='bbox 64 1163 192 1235; x_wconf 91' lang='lat' dir='ltr'>sequitur</span> <span class='ocrx_word' id='word_1_60' title='bbox 205 1161 359 1238; x_wconf 89' lang='lat' dir='ltr'>corporalis</span> <span class='ocrx_word' id='word_1_61' title='bbox 377 1165 498 1230; x_wconf 91' lang='lat' dir='ltr'>sanatio,</span> <span class='ocrx_word' id='word_1_62' title='bbox 513 1161 563 1219; x_wconf 89' lang='lat' dir='ltr'>sed</span> <span class='ocrx_word' id='word_1_63' title='bbox 577 1161 691 1235; x_wconf 93' lang='lat' dir='ltr'>quando</span> <span class='ocrx_word' id='word_1_64' title='bbox 704 1161 820 1238; x_wconf 83' lang='lat' dir='ltr'>expedit</span> <span class='ocrx_word' id='word_1_65' title='bbox 833 1162 867 1220; x_wconf 91' lang='lat' dir='ltr'>ad</span> <span class='ocrx_word' id='word_1_66' title='bbox 881 1163 1056 1238; x_wconf 90' lang='lat' dir='ltr'>spiritualem</span> <span class='ocrx_word' id='word_1_67' title='bbox 1069 1183 1149 1222; x_wconf 90' lang='lat' dir='ltr'>sana·</span> 
     </span>
     <span class='ocr_line' id='line_1_9' title="bbox 64 1259 1150 1338; baseline 0.001 -18"><span class='ocrx_word' id='word_1_68' title='bbox 64 1263 191 1320; x_wconf 89' lang='lat' dir='ltr'>tionem:</span> <span class='ocrx_word' id='word_1_69' title='bbox 207 1269 235 1319; x_wconf 94' lang='lat' dir='ltr'>et</span> <span class='ocrx_word' id='word_1_70' title='bbox 244 1269 310 1319; x_wconf 89' lang='lat' dir='ltr'>tune</span> <span class='ocrx_word' id='word_1_71' title='bbox 318 1278 433 1337; x_wconf 88' lang='lat' dir='ltr'>semper</span> <span class='ocrx_word' id='word_1_72' title='bbox 442 1279 504 1318; x_wconf 89' lang='lat' dir='ltr'>eam</span> <span class='ocrx_word' id='word_1_73' title='bbox 513 1259 628 1328; x_wconf 87' lang='lat' dir='ltr'>inducit,</span> <span class='ocrx_word' id='word_1_74' title='bbox 638 1260 858 1320; x_wconf 91' lang='lat' dir='ltr'>dummodonon</span> <span class='ocrx_word' id='word_1_75' title='bbox 868 1262 905 1318; x_wconf 89' lang='lat' dir='ltr'>sit</span> <span class='ocrx_word' id='word_1_76' title='bbox 914 1263 1150 1338; x_wconf 89' lang='lat' dir='ltr'>impedimentum</span> 
     </span>
     <span class='ocr_line' id='line_1_10' title="bbox 63 1353 1149 1438; baseline 0.001 -19"><span class='ocrx_word' id='word_1_77' title='bbox 63 1378 99 1419; x_wconf 86' lang='lat' dir='ltr'>ex</span> <span class='ocrx_word' id='word_1_78' title='bbox 112 1368 193 1438; x_wconf 88' lang='lat' dir='ltr'>parte</span> <span class='ocrx_word' id='word_1_79' title='bbox 206 1353 418 1437; x_wconf 88' lang='lat' dir='ltr'>recipientis.&#39;’1</span> <span class='ocrx_word' id='word_1_80' title='bbox 445 1359 503 1426; x_wconf 87' lang='lat' dir='ltr'>Qui</span> <span class='ocrx_word' id='word_1_81' title='bbox 518 1359 653 1417; x_wconf 87' lang='lat' dir='ltr'>differunt</span> <span class='ocrx_word' id='word_1_82' title='bbox 668 1360 830 1419; x_wconf 88' lang='lat' dir='ltr'>unctionem</span> <span class='ocrx_word' id='word_1_83' title='bbox 844 1370 978 1438; x_wconf 87' lang='lat' dir='ltr'>expetere</span> <span class='ocrx_word' id='word_1_84' title='bbox 991 1361 1026 1419; x_wconf 92' lang='lat' dir='ltr'>ad</span> <span class='ocrx_word' id='word_1_85' title='bbox 1040 1363 1149 1421; x_wconf 84' lang='lat' dir='ltr'>exitum</span> 
     </span>
     <span class='ocr_line' id='line_1_11' title="bbox 62 1459 1149 1536; baseline 0.002 -19"><span class='ocrx_word' id='word_1_86' title='bbox 62 1476 153 1533; x_wconf 83' lang='lat' dir='ltr'>usque</span> <span class='ocrx_word' id='word_1_87' title='bbox 175 1459 250 1527; x_wconf 85' lang='lat' dir='ltr'>ritae,</span> <span class='ocrx_word' id='word_1_88' title='bbox 271 1477 329 1518; x_wconf 90' lang='lat' dir='ltr'>non</span> <span class='ocrx_word' id='word_1_89' title='bbox 349 1467 469 1534; x_wconf 87' lang='lat' dir='ltr'>possunt</span> <span class='ocrx_word' id='word_1_90' title='bbox 493 1459 668 1516; x_wconf 90' lang='lat' dir='ltr'>sanationem</span> <span class='ocrx_word' id='word_1_91' title='bbox 693 1459 748 1516; x_wconf 93' lang='lat' dir='ltr'>sibi</span> <span class='ocrx_word' id='word_1_92' title='bbox 772 1460 911 1536; x_wconf 80' lang='lat' dir='ltr'>polliceri,</span> <span class='ocrx_word' id='word_1_93' title='bbox 934 1479 1023 1533; x_wconf 91' lang='lat' dir='ltr'>quum</span> <span class='ocrx_word' id='word_1_94' title='bbox 1043 1462 1149 1534; x_wconf 87' lang='lat' dir='ltr'>absque</span> 
     </span>
     <span class='ocr_line' id='line_1_12' title="bbox 41 1557 1148 1638; baseline -0.001 -21"><span class='ocrx_word' id='word_1_95' title='bbox 41 1582 47 1591; x_wconf 88' lang='lat'>·</span> <span class='ocrx_word' id='word_1_96' title='bbox 63 1557 200 1619; x_wconf 82' lang='lat' dir='ltr'>miraculo</span> <span class='ocrx_word' id='word_1_97' title='bbox 213 1558 375 1635; x_wconf 87' lang='lat' dir='ltr'>contingere</span> <span class='ocrx_word' id='word_1_98' title='bbox 389 1577 447 1616; x_wconf 92' lang='lat' dir='ltr'>non</span> <span class='ocrx_word' id='word_1_99' title='bbox 460 1567 573 1634; x_wconf 89' lang='lat' dir='ltr'>posset:</span> <span class='ocrx_word' id='word_1_100' title='bbox 596 1566 768 1634; x_wconf 90' lang='lat' dir='ltr'>quapropter</span> <span class='ocrx_word' id='word_1_101' title='bbox 780 1567 891 1636; x_wconf 80' lang='lat' dir='ltr'>oportet</span> <span class='ocrx_word' id='word_1_102' title='bbox 903 1561 983 1638; x_wconf 86' lang='lat' dir='ltr'>ungi,</span> <span class='ocrx_word' id='word_1_103' title='bbox 992 1559 1059 1619; x_wconf 92' lang='lat' dir='ltr'>dum</span> <span class='ocrx_word' id='word_1_104' title='bbox 1073 1559 1148 1632; x_wconf 89' lang='lat' dir='ltr'>quis,</span> 
     </span>
     <span class='ocr_line' id='line_1_13' title="bbox 64 1657 981 1736; baseline 0.003 -22"><span class='ocrx_word' id='word_1_105' title='bbox 64 1657 129 1717; x_wconf 79' lang='lat' dir='ltr'>licat</span> <span class='ocrx_word' id='word_1_106' title='bbox 140 1657 262 1735; x_wconf 82' lang='lat' dir='ltr'>graviter</span> <span class='ocrx_word' id='word_1_107' title='bbox 270 1665 394 1734; x_wconf 70' lang='lat' dir='ltr'>aegrotet,</span> <span class='ocrx_word' id='word_1_108' title='bbox 408 1657 501 1733; x_wconf 87' lang='lat' dir='ltr'>possit</span> <span class='ocrx_word' id='word_1_109' title='bbox 514 1657 609 1715; x_wconf 92' lang='lat' dir='ltr'>animo</span> <span class='ocrx_word' id='word_1_110' title='bbox 622 1657 797 1734; x_wconf 86' lang='lat' dir='ltr'>conjungere</span> <span class='ocrx_word' id='word_1_111' title='bbox 810 1676 841 1717; x_wconf 87' lang='lat' dir='ltr'>se</span> <span class='ocrx_word' id='word_1_112' title='bbox 854 1659 981 1736; x_wconf 81' lang='lat' dir='ltr'>ungenti.</span> 
     </span>
    </p>
   </div>
   <div class='ocr_carea' id='block_1_3' title="bbox 349 1852 864 1934">
    <p class='ocr_par' dir='ltr' id='par_1_3' title="bbox 349 1824 864 1934">
     <span class='ocr_line' id='line_1_14' title="bbox 349 1852 864 1934; baseline 0.002 -18"><span class='ocrx_word' id='word_1_113' title='bbox 349 1858 375 1934; x_wconf 91' lang='lat'>§.</span> <span class='ocrx_word' id='word_1_114' title='bbox 388 1852 458 1931; x_wconf 57' lang='grc' dir='ltr'><strong>Ῑῇ</strong></span> <span class='ocrx_word' id='word_1_115' title='bbox 476 1856 608 1927; x_wconf 76' lang='lat' dir='ltr'>-Qurnsu</span> <span class='ocrx_word' id='word_1_116' title='bbox 627 1876 767 1917; x_wconf 79' lang='lat' dir='ltr'>unorum</span> <span class='ocrx_word' id='word_1_117' title='bbox 787 1876 864 1917; x_wconf 85' lang='lat' dir='ltr'>srnr.</span> 
     </span>
    </p>
   </div>
   <div class='ocr_carea' id='block_1_4' title="bbox 101 2022 1149 2101">
    <p class='ocr_par' dir='ltr' id='par_1_4' title="bbox 101 2022 1149 2101">
     <span class='ocr_line' id='line_1_15' title="bbox 101 2022 1149 2101; baseline 0.004 -21"><span class='ocrx_word' id='word_1_118' title='bbox 101 2027 149 2083; x_wconf 99' lang='grc'>17.</span> <span class='ocrx_word' id='word_1_119' title='bbox 172 2022 370 2082; x_wconf 79' lang='lat' dir='ltr'>Administrari</span> <span class='ocrx_word' id='word_1_120' title='bbox 383 2031 478 2101; x_wconf 88' lang='lat' dir='ltr'>potest</span> <span class='ocrx_word' id='word_1_121' title='bbox 490 2024 587 2082; x_wconf 87' lang='lat' dir='ltr'>unctio</span> <span class='ocrx_word' id='word_1_122' title='bbox 603 2033 730 2082; x_wconf 88' lang='lat' dir='ltr'>extrema</span> <span class='ocrx_word' id='word_1_123' title='bbox 742 2024 859 2082; x_wconf 89' lang='lat' dir='ltr'>cuilibet</span> <span class='ocrx_word' id='word_1_124' title='bbox 872 2023 982 2082; x_wconf 91' lang='lat' dir='ltr'>homini</span> <span class='ocrx_word' id='word_1_125' title='bbox 997 2022 1149 2084; x_wconf 76' lang='lat' dir='ltr'>catholico</span> 
     </span>
    </p>
   </div>
   <div class='ocr_carea' id='block_1_5' title="bbox 63 2122 1277 2200">
    <p class='ocr_par' dir='ltr' id='par_1_5' title="bbox 63 2122 1277 2200">
     <span class='ocr_line' id='line_1_16' title="bbox 63 2122 1277 2200; baseline 0.002 -20"><span class='ocrx_word' id='word_1_126' title='bbox 63 2123 162 2181; x_wconf 89' lang='lat' dir='ltr'>morbo</span> <span class='ocrx_word' id='word_1_127' title='bbox 182 2122 362 2199; x_wconf 87' lang='lat' dir='ltr'>periclitanti,</span> <span class='ocrx_word' id='word_1_128' title='bbox 376 2123 458 2200; x_wconf 89' lang='lat' dir='ltr'>cujus</span> <span class='ocrx_word' id='word_1_129' title='bbox 476 2123 629 2182; x_wconf 84' lang='lat' dir='ltr'>voluntatis</span> <span class='ocrx_word' id='word_1_130' title='bbox 648 2122 785 2181; x_wconf 91' lang='lat' dir='ltr'>indicium</span> <span class='ocrx_word' id='word_1_131' title='bbox 804 2124 959 2199; x_wconf 79' lang='lat' dir='ltr'>praecessit,</span> <span class='ocrx_word' id='word_1_132' title='bbox 973 2143 1033 2183; x_wconf 93' lang='lat' dir='ltr'>non</span> <span class='ocrx_word' id='word_1_133' title='bbox 1055 2134 1151 2183; x_wconf 89' lang='lat' dir='ltr'>tamen</span> <span class='ocrx_word' id='word_1_134' title='bbox 1246 2138 1249 2143; x_wconf 86' lang='lat'>&#39;</span> <span class='ocrx_word' id='word_1_135' title='bbox 1269 2132 1277 2141; x_wconf 91' lang='grc'><strong>“</strong></span> 
     </span>
    </p>
   </div>
   <div class='ocr_carea' id='block_1_6' title="bbox 58 2221 1152 4064">
    <p class='ocr_par' dir='ltr' id='par_1_6' title="bbox 59 2221 1150 3188">
     <span class='ocr_line' id='line_1_17' title="bbox 63 2221 1149 2298; baseline 0.006 -22"><span class='ocrx_word' id='word_1_136' title='bbox 63 2221 86 2278; x_wconf 90' lang='lat' dir='ltr'>si</span> <span class='ocrx_word' id='word_1_137' title='bbox 107 2222 138 2279; x_wconf 92' lang='lat' dir='ltr'>in</span> <span class='ocrx_word' id='word_1_138' title='bbox 161 2222 312 2280; x_wconf 84' lang='lat' dir='ltr'>manifesto</span> <span class='ocrx_word' id='word_1_139' title='bbox 338 2232 455 2298; x_wconf 87' lang='lat' dir='ltr'>peccato</span> <span class='ocrx_word' id='word_1_140' title='bbox 479 2224 625 2280; x_wconf 90' lang='lat' dir='ltr'>moriatur.</span> <span class='ocrx_word' id='word_1_141' title='bbox 669 2222 825 2295; x_wconf 85' lang='lat' dir='ltr'>Equidem,</span> <span class='ocrx_word' id='word_1_142' title='bbox 847 2241 935 2295; x_wconf 92' lang='lat' dir='ltr'>quum</span> <span class='ocrx_word' id='word_1_143' title='bbox 961 2224 999 2281; x_wconf 90' lang='lat' dir='ltr'>sit</span> <span class='ocrx_word' id='word_1_144' title='bbox 1020 2225 1149 2282; x_wconf 88' lang='lat' dir='ltr'>virorum</span> 
     </span>
     <span class='ocr_line' id='line_1_18' title="bbox 63 2320 1149 2411; baseline 0.005 -36"><span class='ocrx_word' id='word_1_145' title='bbox 63 2329 280 2390; x_wconf 91' lang='lat' dir='ltr'>sacramentum,</span> <span class='ocrx_word' id='word_1_146' title='bbox 295 2320 344 2392; x_wconf 92' lang='lat' dir='ltr'>qui</span> <span class='ocrx_word' id='word_1_147' title='bbox 363 2322 408 2379; x_wconf 89' lang='lat' dir='ltr'>sui</span> <span class='ocrx_word' id='word_1_148' title='bbox 421 2339 540 2396; x_wconf 90' lang='lat' dir='ltr'>compos</span> <span class='ocrx_word' id='word_1_149' title='bbox 561 2331 615 2388; x_wconf 90' lang='lat' dir='ltr'>est,</span> <span class='ocrx_word' id='word_1_150' title='bbox 629 2321 714 2379; x_wconf 88' lang='lat' dir='ltr'>debet</span> <span class='ocrx_word' id='word_1_151' title='bbox 734 2340 764 2380; x_wconf 88' lang='lat' dir='ltr'>se</span> <span class='ocrx_word' id='word_1_152' title='bbox 786 2321 821 2379; x_wconf 92' lang='lat' dir='ltr'>ad</span> <span class='ocrx_word' id='word_1_153' title='bbox 841 2321 910 2380; x_wconf 93' lang='lat' dir='ltr'>illud</span> <span class='ocrx_word' id='word_1_154' title='bbox 932 2322 1149 2411; x_wconf 70' lang='lat' dir='ltr'>puscipiendum</span> 
     </span>
     <span class='ocr_line' id='line_1_19' title="bbox 61 2419 1150 2498; baseline 0.002 -22"><span class='ocrx_word' id='word_1_155' title='bbox 61 2437 171 2494; x_wconf 90' lang='lat' dir='ltr'>parare,</span> <span class='ocrx_word' id='word_1_156' title='bbox 185 2427 393 2477; x_wconf 91' lang='lat' dir='ltr'>sacramentum</span> <span class='ocrx_word' id='word_1_157' title='bbox 415 2420 580 2496; x_wconf 88' lang='lat' dir='ltr'>poenitentia</span> <span class='ocrx_word' id='word_1_158' title='bbox 593 2419 671 2496; x_wconf 90' lang='lat' dir='ltr'>prius</span> <span class='ocrx_word' id='word_1_159' title='bbox 684 2419 865 2495; x_wconf 87' lang='lat' dir='ltr'>excipiendo,</span> <span class='ocrx_word' id='word_1_160' title='bbox 875 2421 951 2493; x_wconf 92' lang='lat' dir='ltr'>quod</span> <span class='ocrx_word' id='word_1_161' title='bbox 973 2432 1066 2481; x_wconf 88' lang='lat' dir='ltr'>tamen</span> <span class='ocrx_word' id='word_1_162' title='bbox 1087 2422 1150 2498; x_wconf 85' lang='lat' dir='ltr'>lege</span> 
     </span>
     <span class='ocr_line' id='line_1_20' title="bbox 61 2517 1149 2595; baseline 0.003 -20"><span class='ocrx_word' id='word_1_163' title='bbox 61 2536 118 2575; x_wconf 91' lang='lat' dir='ltr'>non</span> <span class='ocrx_word' id='word_1_164' title='bbox 131 2519 304 2595; x_wconf 75' lang='lat' dir='ltr'>praecipitur,</span> <span class='ocrx_word' id='word_1_165' title='bbox 318 2527 347 2575; x_wconf 92' lang='lat' dir='ltr'>et</span> <span class='ocrx_word' id='word_1_166' title='bbox 359 2519 449 2576; x_wconf 88' lang='lat' dir='ltr'>omitti</span> <span class='ocrx_word' id='word_1_167' title='bbox 464 2528 559 2595; x_wconf 90' lang='lat' dir='ltr'>potest</span> <span class='ocrx_word' id='word_1_168' title='bbox 572 2519 678 2590; x_wconf 87' lang='lat' dir='ltr'>absque</span> <span class='ocrx_word' id='word_1_169' title='bbox 692 2517 776 2593; x_wconf 92' lang='lat' dir='ltr'>culpa</span> <span class='ocrx_word' id='word_1_170' title='bbox 789 2519 823 2575; x_wconf 93' lang='lat' dir='ltr'>ab</span> <span class='ocrx_word' id='word_1_171' title='bbox 837 2536 872 2576; x_wconf 95' lang='lat' dir='ltr'>eo</span> <span class='ocrx_word' id='word_1_172' title='bbox 886 2521 936 2591; x_wconf 93' lang='lat' dir='ltr'>qui</span> <span class='ocrx_word' id='word_1_173' title='bbox 949 2521 1149 2578; x_wconf 87' lang='lat' dir='ltr'>contritionem</span> 
     </span>
     <span class='ocr_line' id='line_1_21' title="bbox 60 2615 1149 2694; baseline 0.003 -21"><span class='ocrx_word' id='word_1_174' title='bbox 60 2615 214 2692; x_wconf 86' lang='lat' dir='ltr'>perfectam</span> <span class='ocrx_word' id='word_1_175' title='bbox 240 2617 334 2674; x_wconf 90' lang='lat' dir='ltr'>animo</span> <span class='ocrx_word' id='word_1_176' title='bbox 360 2618 501 2694; x_wconf 91' lang='lat' dir='ltr'>concepit.</span> <span class='ocrx_word' id='word_1_177' title='bbox 543 2616 728 2676; x_wconf 86' lang='lat' dir='ltr'>Eucharistia</span> <span class='ocrx_word' id='word_1_178' title='bbox 753 2617 848 2680; x_wconf 90' lang='lat' dir='ltr'>etiam,</span> <span class='ocrx_word' id='word_1_179' title='bbox 875 2617 965 2674; x_wconf 89' lang='lat' dir='ltr'>instar</span> <span class='ocrx_word' id='word_1_180' title='bbox 987 2618 1091 2683; x_wconf 89' lang='lat' dir='ltr'>viatici,</span> <span class='ocrx_word' id='word_1_181' title='bbox 1111 2636 1149 2676; x_wconf 85' lang='lat' dir='ltr'>ex</span> 
     </span>
     <span class='ocr_line' id='line_1_22' title="bbox 60 2713 1147 2793; baseline 0.002 -20"><span class='ocrx_word' id='word_1_182' title='bbox 60 2715 267 2775; x_wconf 87' lang='lat' dir='ltr'>consuetudine</span> <span class='ocrx_word' id='word_1_183' title='bbox 280 2714 404 2793; x_wconf 86' lang='lat' dir='ltr'>generali</span> <span class='ocrx_word' id='word_1_184' title='bbox 418 2716 558 2774; x_wconf 78' lang='lat' dir='ltr'>Ecclesiae</span> <span class='ocrx_word' id='word_1_185' title='bbox 579 2718 658 2793; x_wconf 91' lang='lat' dir='ltr'>prius</span> <span class='ocrx_word' id='word_1_186' title='bbox 678 2713 859 2789; x_wconf 87' lang='lat' dir='ltr'>suscipienda</span> <span class='ocrx_word' id='word_1_187' title='bbox 878 2722 931 2783; x_wconf 90' lang='lat' dir='ltr'>est,</span> <span class='ocrx_word' id='word_1_188' title='bbox 941 2716 1025 2792; x_wconf 88' lang='lat' dir='ltr'>juxta</span> <span class='ocrx_word' id='word_1_189' title='bbox 1044 2716 1147 2775; x_wconf 89' lang='lat' dir='ltr'>rituale</span> 
     </span>
     <span class='ocr_line' id='line_1_23' title="bbox 59 2812 1148 2893; baseline 0.001 -21"><span class='ocrx_word' id='word_1_190' title='bbox 59 2814 243 2874; x_wconf 88' lang='lat' dir='ltr'>Romanum:</span> <span class='ocrx_word' id='word_1_191' title='bbox 266 2814 386 2887; x_wconf 89' lang='lat' dir='ltr'>quodsi</span> <span class='ocrx_word' id='word_1_192' title='bbox 408 2815 501 2872; x_wconf 88' lang='lat' dir='ltr'>obstet</span> <span class='ocrx_word' id='word_1_193' title='bbox 520 2816 648 2893; x_wconf 90' lang='lat' dir='ltr'>corporis</span> <span class='ocrx_word' id='word_1_194' title='bbox 668 2812 804 2882; x_wconf 91' lang='lat' dir='ltr'>conditio,</span> <span class='ocrx_word' id='word_1_195' title='bbox 825 2813 871 2871; x_wconf 91' lang='lat' dir='ltr'>vel</span> <span class='ocrx_word' id='word_1_196' title='bbox 891 2831 986 2871; x_wconf 87' lang='lat' dir='ltr'>rerum</span> <span class='ocrx_word' id='word_1_197' title='bbox 1005 2813 1148 2890; x_wconf 77' lang='lat' dir='ltr'>adjuncta,</span> 
     </span>
     <span class='ocr_line' id='line_1_24' title="bbox 60 2911 1148 2990; baseline -0.001 -17"><span class='ocrx_word' id='word_1_198' title='bbox 60 2915 165 2990; x_wconf 87' lang='lat' dir='ltr'>poterit</span> <span class='ocrx_word' id='word_1_199' title='bbox 188 2915 284 2972; x_wconf 87' lang='lat' dir='ltr'>unctio</span> <span class='ocrx_word' id='word_1_200' title='bbox 309 2913 470 2990; x_wconf 78' lang='lat' dir='ltr'>praeoedere</span> <span class='ocrx_word' id='word_1_201' title='bbox 497 2914 591 2972; x_wconf 87' lang='lat' dir='ltr'>viatici</span> <span class='ocrx_word' id='word_1_202' title='bbox 615 2913 811 2988; x_wconf 67' lang='lat' dir='ltr'>susceptionis</span> <span class='ocrx_word' id='word_1_203' title='bbox 834 2911 886 2970; x_wconf 88' lang='lat' dir='ltr'>sed</span> <span class='ocrx_word' id='word_1_204' title='bbox 905 2931 964 2970; x_wconf 94' lang='lat' dir='ltr'>non</span> <span class='ocrx_word' id='word_1_205' title='bbox 989 2924 1033 2971; x_wconf 90' lang='lat' dir='ltr'>est</span> <span class='ocrx_word' id='word_1_206' title='bbox 1065 2913 1148 2972; x_wconf 91' lang='lat' dir='ltr'>sacile</span> 
     </span>
     <span class='ocr_line' id='line_1_25' title="bbox 59 3008 1150 3084; baseline 0 -13"><span class='ocrx_word' id='word_1_207' title='bbox 59 3011 251 3072; x_wconf 88' lang='lat' dir='ltr'>recedendum</span> <span class='ocrx_word' id='word_1_208' title='bbox 271 3013 306 3070; x_wconf 90' lang='lat' dir='ltr'>ab</span> <span class='ocrx_word' id='word_1_209' title='bbox 332 3011 431 3071; x_wconf 89' lang='lat' dir='ltr'>ordine</span> <span class='ocrx_word' id='word_1_210' title='bbox 459 3008 631 3072; x_wconf 78' lang='lat' dir='ltr'>consueto:2</span> <span class='ocrx_word' id='word_1_211' title='bbox 656 3012 787 3084; x_wconf 87' lang='lat' dir='ltr'>quamvis</span> <span class='ocrx_word' id='word_1_212' title='bbox 818 3011 926 3069; x_wconf 88' lang='lat' dir='ltr'>ordinis</span> <span class='ocrx_word' id='word_1_213' title='bbox 948 3011 1073 3070; x_wconf 86' lang='lat' dir='ltr'>inversio</span> <span class='ocrx_word' id='word_1_214' title='bbox 1101 3013 1150 3071; x_wconf 85' lang='lat' dir='ltr'>vix</span> 
     </span>
     <span class='ocr_line' id='line_1_26' title="bbox 60 3103 448 3188; baseline 0 -19"><span class='ocrx_word' id='word_1_215' title='bbox 60 3111 181 3171; x_wconf 89' lang='lat' dir='ltr'>venialis</span> <span class='ocrx_word' id='word_1_216' title='bbox 195 3112 330 3171; x_wconf 91' lang='lat' dir='ltr'>habeatur</span> <span class='ocrx_word' id='word_1_217' title='bbox 340 3103 448 3188; x_wconf 77' lang='lat' dir='ltr'>eulpa.³</span> 
     </span>
    </p>

    <p class='ocr_par' dir='ltr' id='par_1_7' title="bbox 58 3209 1152 4064">
     <span class='ocr_line' id='line_1_27' title="bbox 99 3209 1151 3286; baseline 0.002 -19"><span class='ocrx_word' id='word_1_218' title='bbox 99 3214 148 3268; x_wconf 86' lang='grc'>18.</span> <span class='ocrx_word' id='word_1_219' title='bbox 171 3212 240 3270; x_wconf 88' lang='grc' dir='ltr'><strong>Μοε</strong></span> <span class='ocrx_word' id='word_1_220' title='bbox 253 3220 348 3269; x_wconf 92' lang='lat' dir='ltr'>autem</span> <span class='ocrx_word' id='word_1_221' title='bbox 356 3209 441 3269; x_wconf 90' lang='lat' dir='ltr'>dandi</span> <span class='ocrx_word' id='word_1_222' title='bbox 454 3212 629 3279; x_wconf 91' lang='lat' dir='ltr'>unctionem,</span> <span class='ocrx_word' id='word_1_223' title='bbox 640 3209 748 3268; x_wconf 89' lang='lat' dir='ltr'>omisso</span> <span class='ocrx_word' id='word_1_224' title='bbox 759 3228 875 3286; x_wconf 87' lang='lat' dir='ltr'>prorsus</span> <span class='ocrx_word' id='word_1_225' title='bbox 886 3209 998 3278; x_wconf 87' lang='lat' dir='ltr'>viatico,</span> <span class='ocrx_word' id='word_1_226' title='bbox 1008 3211 1151 3269; x_wconf 91' lang='lat' dir='ltr'>moribun-</span> 
     </span>
     <span class='ocr_line' id='line_1_28' title="bbox 61 3309 1150 3388; baseline 0.002 -21"><span class='ocrx_word' id='word_1_227' title='bbox 61 3309 104 3367; x_wconf 92' lang='lat' dir='ltr'>dis</span> <span class='ocrx_word' id='word_1_228' title='bbox 126 3311 178 3383; x_wconf 92' lang='lat' dir='ltr'>qui</span> <span class='ocrx_word' id='word_1_229' title='bbox 191 3309 300 3367; x_wconf 90' lang='lat' dir='ltr'>hebetis</span> <span class='ocrx_word' id='word_1_230' title='bbox 323 3320 391 3368; x_wconf 89' lang='lat' dir='ltr'>sunt</span> <span class='ocrx_word' id='word_1_231' title='bbox 409 3310 527 3387; x_wconf 86' lang='lat' dir='ltr'>ingenii,</span> <span class='ocrx_word' id='word_1_232' title='bbox 542 3319 572 3367; x_wconf 93' lang='lat' dir='ltr'>et</span> <span class='ocrx_word' id='word_1_233' title='bbox 585 3309 659 3368; x_wconf 91' lang='lat' dir='ltr'>vitiis</span> <span class='ocrx_word' id='word_1_234' title='bbox 680 3309 875 3377; x_wconf 88' lang='lat' dir='ltr'>insenuerunt,</span> <span class='ocrx_word' id='word_1_235' title='bbox 890 3328 922 3365; x_wconf 80' lang='lat' dir='ltr'>rr</span> <span class='ocrx_word' id='word_1_236' title='bbox 934 3328 968 3386; x_wconf 86' lang='lat' dir='ltr'>g:</span> <span class='ocrx_word' id='word_1_237' title='bbox 990 3311 1150 3388; x_wconf 87' lang='lat' dir='ltr'>mancipiis,</span> 
     </span>
     <span class='ocr_line' id='line_1_29' title="bbox 59 3407 1152 3486; baseline 0.003 -20"><span class='ocrx_word' id='word_1_238' title='bbox 59 3409 160 3481; x_wconf 90' lang='lat' dir='ltr'>nequit</span> <span class='ocrx_word' id='word_1_239' title='bbox 172 3427 237 3466; x_wconf 91' lang='lat' dir='ltr'>cum</span> <span class='ocrx_word' id='word_1_240' title='bbox 257 3408 398 3467; x_wconf 71' lang='lat' dir='ltr'>Ecclesiae</span> <span class='ocrx_word' id='word_1_241' title='bbox 424 3409 641 3478; x_wconf 90' lang='lat' dir='ltr'>consuetudine,</span> <span class='ocrx_word' id='word_1_242' title='bbox 655 3418 684 3465; x_wconf 91' lang='lat' dir='ltr'>et</span> <span class='ocrx_word' id='word_1_243' title='bbox 703 3409 767 3486; x_wconf 88' lang='lat' dir='ltr'>lege</span> <span class='ocrx_word' id='word_1_244' title='bbox 789 3407 900 3468; x_wconf 86' lang='lat' dir='ltr'>Christi</span> <span class='ocrx_word' id='word_1_245' title='bbox 919 3408 955 3466; x_wconf 93' lang='lat' dir='ltr'>de</span> <span class='ocrx_word' id='word_1_246' title='bbox 981 3409 1152 3469; x_wconf 86' lang='lat' dir='ltr'>eucharistia</span> 
     </span>
     <span class='ocr_line' id='line_1_30' title="bbox 59 3507 1152 3586; baseline -0.001 -19"><span class='ocrx_word' id='word_1_247' title='bbox 59 3507 243 3584; x_wconf 82' lang='lat' dir='ltr'>suscipienda</span> <span class='ocrx_word' id='word_1_248' title='bbox 255 3509 417 3567; x_wconf 75' lang='lat' dir='ltr'>conciliarit</span> <span class='ocrx_word' id='word_1_249' title='bbox 432 3509 497 3567; x_wconf 94' lang='lat' dir='ltr'>ideo</span> <span class='ocrx_word' id='word_1_250' title='bbox 510 3507 669 3567; x_wconf 89' lang='lat' dir='ltr'>instruendi</span> <span class='ocrx_word' id='word_1_251' title='bbox 681 3519 757 3576; x_wconf 91' lang='lat' dir='ltr'>sunt,</span> <span class='ocrx_word' id='word_1_252' title='bbox 768 3518 797 3566; x_wconf 90' lang='lat' dir='ltr'>et</span> <span class='ocrx_word' id='word_1_253' title='bbox 809 3527 867 3582; x_wconf 93' lang='lat' dir='ltr'>quo</span> <span class='ocrx_word' id='word_1_254' title='bbox 878 3508 979 3567; x_wconf 91' lang='lat' dir='ltr'>melius</span> <span class='ocrx_word' id='word_1_255' title='bbox 987 3509 1048 3567; x_wconf 91' lang='lat' dir='ltr'>fieri</span> <span class='ocrx_word' id='word_1_256' title='bbox 1061 3510 1152 3586; x_wconf 90' lang='lat' dir='ltr'>possit</span> 
     </span>
     <span class='ocr_line' id='line_1_31' title="bbox 58 3606 1151 3684; baseline 0 -19"><span class='ocrx_word' id='word_1_257' title='bbox 58 3614 154 3684; x_wconf 81' lang='lat' dir='ltr'>paeto,</span> <span class='ocrx_word' id='word_1_258' title='bbox 167 3606 352 3684; x_wconf 79' lang='lat' dir='ltr'>praeparandi,</span> <span class='ocrx_word' id='word_1_259' title='bbox 367 3617 398 3666; x_wconf 89' lang='lat' dir='ltr'>ut</span> <span class='ocrx_word' id='word_1_260' title='bbox 418 3617 537 3679; x_wconf 91' lang='lat' dir='ltr'>utroque</span> <span class='ocrx_word' id='word_1_261' title='bbox 557 3617 733 3666; x_wconf 90' lang='lat' dir='ltr'>sacramento</span> <span class='ocrx_word' id='word_1_262' title='bbox 753 3610 925 3676; x_wconf 91' lang='lat' dir='ltr'>muniantur,</span> <span class='ocrx_word' id='word_1_263' title='bbox 939 3626 976 3665; x_wconf 91' lang='lat' dir='ltr'>ne</span> <span class='ocrx_word' id='word_1_264' title='bbox 989 3609 1151 3666; x_wconf 88' lang='lat' dir='ltr'>necessario</span> 
     </span>
     <span class='ocr_line' id='line_1_32' title="bbox 59 3704 1150 3782; baseline -0.005 -17"><span class='ocrx_word' id='word_1_265' title='bbox 59 3724 177 3782; x_wconf 89' lang='lat' dir='ltr'>prorsus</span> <span class='ocrx_word' id='word_1_266' title='bbox 191 3706 294 3766; x_wconf 89' lang='lat' dir='ltr'>viatico</span> <span class='ocrx_word' id='word_1_267' title='bbox 308 3715 430 3764; x_wconf 87' lang='lat' dir='ltr'>careant.</span> <span class='ocrx_word' id='word_1_268' title='bbox 472 3705 562 3765; x_wconf 87' lang='lat' dir='ltr'>Recte</span> <span class='ocrx_word' id='word_1_269' title='bbox 571 3708 746 3765; x_wconf 90' lang='lat' dir='ltr'>ministratur</span> <span class='ocrx_word' id='word_1_270' title='bbox 759 3706 844 3763; x_wconf 90' lang='lat' dir='ltr'>etiam</span> <span class='ocrx_word' id='word_1_271' title='bbox 858 3704 959 3763; x_wconf 91' lang='lat' dir='ltr'>adultis</span> <span class='ocrx_word' id='word_1_272' title='bbox 973 3707 1066 3763; x_wconf 88' lang='lat' dir='ltr'>statim</span> <span class='ocrx_word' id='word_1_273' title='bbox 1084 3712 1150 3780; x_wconf 89' lang='lat' dir='ltr'>post</span> 
     </span>
     <span class='ocr_line' id='line_1_33' title="bbox 58 3802 1150 3884; baseline -0.004 -22"><span class='ocrx_word' id='word_1_274' title='bbox 58 3805 243 3884; x_wconf 90' lang='lat' dir='ltr'>baptismum,</span> <span class='ocrx_word' id='word_1_275' title='bbox 257 3806 350 3878; x_wconf 91' lang='lat' dir='ltr'>quiin</span> <span class='ocrx_word' id='word_1_276' title='bbox 370 3805 448 3864; x_wconf 84' lang='lat' dir='ltr'>exitu</span> <span class='ocrx_word' id='word_1_277' title='bbox 470 3806 538 3863; x_wconf 78' lang='lat' dir='ltr'>vitae</span> <span class='ocrx_word' id='word_1_278' title='bbox 555 3806 641 3883; x_wconf 88' lang='lat' dir='ltr'>positi</span> <span class='ocrx_word' id='word_1_279' title='bbox 661 3802 802 3870; x_wconf 85' lang='lat' dir='ltr'>videntur,</span> <span class='ocrx_word' id='word_1_280' title='bbox 817 3803 883 3876; x_wconf 90' lang='lat' dir='ltr'>quia</span> <span class='ocrx_word' id='word_1_281' title='bbox 900 3803 1061 3879; x_wconf 88' lang='lat' dir='ltr'>praecipuus</span> <span class='ocrx_word' id='word_1_282' title='bbox 1087 3803 1150 3878; x_wconf 91' lang='lat' dir='ltr'>ejus</span> 
     </span>
     <span class='ocr_line' id='line_1_34' title="bbox 59 3899 1150 3978; baseline -0.005 -17"><span class='ocrx_word' id='word_1_283' title='bbox 59 3904 179 3964; x_wconf 84' lang='lat' dir='ltr'>effectus</span> <span class='ocrx_word' id='word_1_284' title='bbox 205 3914 258 3972; x_wconf 90' lang='lat' dir='ltr'>est,</span> <span class='ocrx_word' id='word_1_285' title='bbox 279 3913 311 3962; x_wconf 89' lang='lat' dir='ltr'>ut</span> <span class='ocrx_word' id='word_1_286' title='bbox 334 3904 534 3964; x_wconf 90' lang='lat' dir='ltr'>moribundum</span> <span class='ocrx_word' id='word_1_287' title='bbox 560 3905 589 3962; x_wconf 88' lang='lat' dir='ltr'>vi</span> <span class='ocrx_word' id='word_1_288' title='bbox 609 3901 730 3978; x_wconf 91' lang='lat' dir='ltr'>quadam</span> <span class='ocrx_word' id='word_1_289' title='bbox 756 3901 866 3960; x_wconf 84' lang='lat' dir='ltr'>muniat</span> <span class='ocrx_word' id='word_1_290' title='bbox 890 3908 988 3958; x_wconf 89' lang='lat' dir='ltr'>contra</span> <span class='ocrx_word' id='word_1_291' title='bbox 1012 3899 1150 3957; x_wconf 76' lang='lat' dir='ltr'>demonis</span> 
     </span>
     <span class='ocr_line' id='line_1_35' title="bbox 58 3994 1150 4064; baseline -0.008 -2"><span class='ocrx_word' id='word_1_292' title='bbox 58 4005 227 4064; x_wconf 90' lang='lat' dir='ltr'>tentationes</span> <span class='ocrx_word' id='word_1_293' title='bbox 240 4005 271 4062; x_wconf 92' lang='lat' dir='ltr'>in</span> <span class='ocrx_word' id='word_1_294' title='bbox 295 4003 397 4062; x_wconf 86' lang='lat' dir='ltr'>ultimo</span> <span class='ocrx_word' id='word_1_295' title='bbox 416 3994 600 4063; x_wconf 74' lang='lat' dir='ltr'>certamine.⁴</span> <span class='ocrx_word' id='word_1_296' title='bbox 637 4000 818 4062; x_wconf 83' lang='lat' dir='ltr'>Ministratnr</span> <span class='ocrx_word' id='word_1_297' title='bbox 839 4017 877 4057; x_wconf 89' lang='lat' dir='ltr'>ex</span> <span class='ocrx_word' id='word_1_298' title='bbox 898 3996 1006 4055; x_wconf 90' lang='lat' dir='ltr'>ritualis</span> <span class='ocrx_word' id='word_1_299' title='bbox 1026 3997 1150 4056; x_wconf 85' lang='lat' dir='ltr'>Romani</span> 
     </span>
    </p>
   </div>
   <div class='ocr_carea' id='block_1_7' title="bbox 110 4125 1049 4398">
    <p class='ocr_par' dir='ltr' id='par_1_8' title="bbox 110 4125 1049 4398">
     <span class='ocr_line' id='line_1_36' title="bbox 110 4125 721 4229; baseline -0.002 -18"><span class='ocrx_word' id='word_1_300' title='bbox 110 4194 117 4203; x_wconf 86' lang='lat'><em>·</em></span> <span class='ocrx_word' id='word_1_301' title='bbox 163 4164 206 4229; x_wconf 93' lang='lat' dir='ltr'>(l)</span> <span class='ocrx_word' id='word_1_302' title='bbox 226 4161 313 4226; x_wconf 83' lang='lat' dir='ltr'>suppl.</span> <span class='ocrx_word' id='word_1_303' title='bbox 323 4161 357 4212; x_wconf 86' lang='lat' dir='ltr'>iii.</span> <span class='ocrx_word' id='word_1_304' title='bbox 368 4177 392 4226; x_wconf 90' lang='lat' dir='ltr'>p.</span> <span class='ocrx_word' id='word_1_305' title='bbox 403 4177 446 4225; x_wconf 86' lang='lat' dir='ltr'>qu.</span> <span class='ocrx_word' id='word_1_306' title='bbox 454 4158 607 4212; x_wconf 60' lang='lat' dir='ltr'>nuntii,</span> <span class='ocrx_word' id='word_1_307' title='bbox 641 4125 721 4224; x_wconf 71' lang='lat' dir='ltr'>nep.</span> 
     </span>
     <span class='ocr_line' id='line_1_37' title="bbox 163 4242 701 4314; baseline -0.009 -17"><span class='ocrx_word' id='word_1_308' title='bbox 163 4249 207 4314; x_wconf 78' lang='lat'>(2)</span> <span class='ocrx_word' id='word_1_309' title='bbox 226 4247 320 4297; x_wconf 88' lang='lat' dir='ltr'>Bened.</span> <span class='ocrx_word' id='word_1_310' title='bbox 330 4247 400 4296; x_wconf 86' lang='lat' dir='ltr'>xlv.</span> <span class='ocrx_word' id='word_1_311' title='bbox 411 4247 441 4296; x_wconf 91' lang='lat' dir='ltr'>de</span> <span class='ocrx_word' id='word_1_312' title='bbox 454 4262 508 4311; x_wconf 81' lang='lat' dir='ltr'>syn.</span> <span class='ocrx_word' id='word_1_313' title='bbox 518 4242 701 4297; x_wconf 63' lang='lat' dir='ltr'>taitcxxiii.</span> 
     </span>
     <span class='ocr_line' id='line_1_38' title="bbox 165 4322 1049 4398; baseline -0.009 -18"><span class='ocrx_word' id='word_1_314' title='bbox 165 4333 208 4398; x_wconf 82' lang='lat'>(3)</span> <span class='ocrx_word' id='word_1_315' title='bbox 228 4331 255 4379; x_wconf 84' lang='lat' dir='ltr'>S.</span> <span class='ocrx_word' id='word_1_316' title='bbox 267 4330 342 4394; x_wconf 83' lang='lat' dir='ltr'>Alph.</span> <span class='ocrx_word' id='word_1_317' title='bbox 353 4331 370 4381; x_wconf 90' lang='lat' dir='ltr'>l.</span> <span class='ocrx_word' id='word_1_318' title='bbox 381 4332 413 4381; x_wconf 84' lang='lat' dir='ltr'>vi.</span> <span class='ocrx_word' id='word_1_319' title='bbox 423 4347 448 4380; x_wconf 90' lang='lat' dir='ltr'>n.</span> <span class='ocrx_word' id='word_1_320' title='bbox 460 4333 520 4380; x_wconf 87' lang='grc'><strong>716.</strong></span> <span class='ocrx_word' id='word_1_321' title='bbox 781 4326 823 4392; x_wconf 86' lang='grc'>(4)</span> <span class='ocrx_word' id='word_1_322' title='bbox 841 4322 941 4384; x_wconf 88' lang='lat' dir='ltr'>ibidem,</span> <span class='ocrx_word' id='word_1_323' title='bbox 952 4339 978 4374; x_wconf 88' lang='lat' dir='ltr'>n.</span> <span class='ocrx_word' id='word_1_324' title='bbox 991 4327 1049 4373; x_wconf 81' lang='grc'><strong>721.</strong></span> 
     </span>
    </p>
   </div>
   <div class='ocr_carea' id='block_1_8' title="bbox 96 4408 330 4471">
    <p class='ocr_par' dir='ltr' id='par_1_9' title="bbox 96 4408 330 4471">
     <span class='ocr_line' id='line_1_39' title="bbox 96 4408 330 4471; baseline -0.009 -2"><span class='ocrx_word' id='word_1_325' title='bbox 96 4408 176 4471; x_wconf 84' lang='lat' dir='ltr'>Ver..</span> <span class='ocrx_word' id='word_1_326' title='bbox 191 4410 330 4470; x_wconf 73' lang='lat' dir='ltr'>tlt-24</span> 
     </span>
    </p>
   </div>
   <div class='ocr_carea' id='block_1_9' title="bbox 0 0 1324 4860">
    <p class='ocr_par' dir='ltr' id='par_1_10' title="bbox 0 0 1324 4860">
     <span class='ocr_line' id='line_1_40' title="bbox 0 0 1324 4860; baseline 0 0"><span class='ocrx_word' id='word_1_327' title='bbox 0 0 1324 4860; x_wconf 95' lang='lat' dir='ltr'> </span> 
     </span>
    </p>
   </div>
  </div>
 </body>
</html>
