2640 4860
431 341 488 402 DE
509 339 656 405 FORMA
676 342 886 404 BAP'I'ISMI.

548 865 690 926 CAPUT
715 864 770 925 111.

489 1082 528 1122 DE
550 1082 652 1124 Pom
677 1079 825 1123 emtam.

157 1246 186 1300 8.
217 1240 323 1300 Forma
341 1241 476 1317 baptismi
496 1260 534 1301 ex
554 1240 665 1301 Christi
693 1239 826 1300 mandato
847 1239 999 1316 colligitur,
1016 1237 1109 1314 jussit
1129 1237 1204 1295 enirn

118 1341 267 1418 Apostolis
281 1340 382 1399 docere
395 1358 497 1399 omues
511 1349 620 1418 gentes,
643 1350 663 1376 “
673 1342 851 1418 baptizantes
864 1357 914 1396 eos
928 1339 958 1396 in
971 1337 1089 1396 nomine
1103 1334 1206 1401 Patris,

118 1449 148 1498 et
160 1440 227 1498 Filii
241 1451 270 1498 et
289 1439 413 1516 Spiritus
433 1436 579 1498 Sancti.'’l
619 1438 653 1499 Id
672 1458 788 1518 semper
800 1440 839 1497 ita
858 1436 999 1496 intellexit
1018 1435 1164 1502 Ecclesia,
1177 1444 1207 1492 ut

118 1539 226 1597 ablutio
245 1537 418 1616 perficienda
437 1537 518 1606 foret,
532 1558 592 1598 non
612 1547 719 1598 tantum
740 1538 901 1597 auctoritate
916 1536 999 1593 trium
1020 1551 1206 1612 personarum

118 1634 289 1704 divinarum,
299 1636 406 1695 etfidei
415 1637 444 1696 in
456 1639 624 1713 mysterium
633 1638 689 1697 hoc
698 1638 875 1716 professione
886 1635 921 1693 ab
931 1633 1032 1692 adultis
1046 1633 1205 1711 praemissa,

118 1733 267 1794 sedetiam
280 1735 430 1804 invocatis,
444 1737 551 1814 inipso
564 1737 698 1797 abluendi
711 1747 785 1805 actu,
799 1736 894 1802 Patre,
908 1742 937 1791 et
955 1732 1042 1801 Filio,
1057 1741 1086 1790 et
1099 1731 1207 1809 Spiritu

119 1833 243 1894 Sancto:
266 1842 285 1870 ‘⁸
295 1834 329 1894 In
343 1837 461 1895 nomine
473 1855 569 1896 rerum
582 1847 747 1896 cunctarum
762 1836 905 1901 Parentis,
919 1841 949 1890 et
966 1831 1089 1891 Domini
1108 1830 1167 1889 Dei
1180 1840 1206 1887 et

120 1933 276 1994 Salvatoris
290 1936 379 1995 nostri
394 1935 466 1994 Jesu
480 1934 602 2003 Christi,
616 1946 646 1994 et
665 1936 790 2012 Spiritus
804 1934 903 1993 Sancti
916 1933 946 1990 in
959 1949 1033 2006 aque
1043 1927 1206 1988 lavantur.’'

120 2033 164 2093 Ita
176 2034 195 2092 J
197 2025 336 2093 ustinus.5⁸
374 2033 449 2092 Illud
462 2034 547 2092 etiam
561 2032 714 2093 discrimen
726 2035 799 2092 inter
812 2034 903 2092 varias
912 2032 1034 2090 rationes
1042 2026 1208 2107 baptizandi

122 2133 157 2188 ab
183 2131 321 2188 hereticis
348 2131 487 2189 adhibitas
513 2132 719 2207 agnoscebatur
746 2153 763 2190 a
788 2131 937 2200 conciliis;
974 2128 1051 2204 quod
1078 2130 1128 2202 qui
1152 2137 1207 2186 tres

119 2245 257 2306 personas
272 2226 383 2286 divinas
400 2229 580 2298 invocabant,
601 2249 667 2288 vere
686 2230 872 2308 baptizarent,
894 2230 952 2298 alii,
968 2229 1077 2288 omissa
1095 2228 1208 2286 invoca·

119 2328 207 2393 tione,
221 2326 263 2384 nil
276 2322 475 2386 conficerent.³
515 2330 665 2389 Actionem
684 2330 853 2408 baptizantis
870 2329 1031 2387 necessario
1045 2328 1208 2404 exprimen-

119 2425 184 2484 dam
198 2442 272 2494 esse,
286 2434 361 2483 recte
382 2425 466 2486 docet
485 2427 519 2487 S.
540 2428 688 2488 Thomas:
711 2437 730 2465 ‘⁶
742 2430 808 2503 quia
827 2428 932 2487 ablutio
951 2427 1077 2486 hominis
1092 2427 1122 2485 in
1136 2444 1208 2498 aque

119 2534 233 2603 propter
259 2524 347 2583 multa
373 2525 436 2584 fieri
461 2536 565 2605 potest,
585 2538 698 2606 oportet
727 2527 805 2601 quod
830 2528 1033 2586 determinetur
1062 2525 1093 2584 in
1113 2525 1206 2583 verbis

119 2624 219 2684 sormae
238 2624 273 2683 ad
290 2624 359 2699 quid
375 2626 433 2684 fiat.
476 2627 561 2694 Quod
579 2627 695 2700 quidem
716 2647 774 2687 non
792 2626 825 2684 fit
844 2645 896 2704 per
917 2627 974 2685 hoo
995 2624 1073 2699 quod
1087 2623 1203 2682 dicitur:

121 2727 171 2784 ‘in
191 2726 308 2784 nomine
328 2725 432 2794 Patris,
446 2735 475 2784 et
494 2726 572 2796 Filii,
586 2737 616 2785 et
634 2727 758 2803 Spiritus
773 2726 872 2784 Sancti
881 2725 900 2794 ;'
923 2725 992 2798 quia
1004 2724 1102 2783 ornnia
1115 2725 1146 2783 in
1160 2723 1206 2780 tali

119 2825 235 2884 nomine
256 2824 349 2884 lacere
365 2824 512 2895 debemus,
526 2836 559 2884 ut
577 2826 698 2886 habetur
709 2826 745 2884 ad
766 2824 957 2884 colossenses
971 2843 997 2882 c.
1012 2824 1073 2890 iii.;
1095 2833 1124 2881 et
1143 2822 1208 2880 ideo

119 2926 218 2983 sinon
238 2925 413 3002 exprimatur
425 2935 503 2984 actus
516 2927 663 3004 baptismi,
678 2925 724 2984 vel
736 2945 787 3002 per
800 2924 917 2983 modum
938 2933 1077 2989 nostrum,
1092 2921 1138 2979 vel
1158 2940 1209 3000 per

119 3023 237 3085 modum
252 3025 432 3095 Graecorum,
443 3045 500 3085 non
515 3027 659 3105 perficitur
678 3015 933 3085 sacramentum.'’⁴
972 3019 1138 3081 Alexander
1150 3020 1205 3080 ΙΙΙ.
1245 3014 1248 3020 ’

120 3121 262 3180 decrevit:
285 3123 421 3195 “Siquis
435 3143 554 3200 puerum
567 3136 608 3183 ter
618 3127 647 3184 in
661 3144 734 3197 aqua
745 3124 918 3183 immerserit
930 3123 959 3181 in
971 3122 1089 3181 nomine
1103 3120 1207 3187 Patris,

120 3229 149 3277 et
160 3218 238 3286 Filii,
253 3227 281 3277 et
294 3220 418 3298 Spiritus
439 3221 548 3290 Sancti,
563 3241 657 3291 amen,
672 3233 701 3280 et
719 3242 777 3281 non
797 3222 918 3282 dixerit:
940 3241 994 3300 ego
1009 3231 1035 3279 te
1048 3221 1166 3298 baptizo
1181 3222 1209 3278 in

119 3319 236 3377 nomine
251 3318 353 3386 Patris,
368 3328 398 3376 et
416 3318 495 3387 Filii,
509 3330 538 3377 et
550 3321 673 3398 Spiritus
688 3322 796 3389 Sancti,
811 3341 906 3391 amen,
921 3329 1037 3380 nonest
1055 3339 1128 3397 puer
1140 3320 1208 3396 bap·

120 3406 273 3475 tizatus.'’⁸
308 3417 473 3475 Alexander
480 3418 565 3478 VIII.
575 3439 650 3479 anno
662 3424 750 3489 1690,
764 3419 909 3480 damnavit
921 3419 1146 3497 propositionem
1165 3437 1209 3476 se-

120 3525 271 3589 quentem:
295 3524 314 3551 “
324 3515 422 3574 Valnit
434 3517 587 3591 aliquando
596 3520 754 3597 baptismus
766 3521 819 3579 sub
832 3520 885 3579 hac
893 3519 984 3579 forma
994 3518 1113 3578 collatus
1124 3539 1132 3587 ;
1155 3519 1207 3578 ‘In

118 3617 235 3675 nomine
249 3614 352 3684 Patris,
363 3627 392 3673 et
404 3615 482 3686 Filii,
492 3627 521 3675 et
533 3618 657 3697 Spiritus
668 3620 767 3679 Sancti
776 3619 796 3679 :'
818 3620 1015 3697 pretermissis
1026 3617 1101 3676 illis:
1124 3619 1208 3696 ‘Ego

118 3726 146 3775 te
158 3715 296 3796 baptizo'
307 3705 343 3742 ”⁶

159 3821 188 3877 9.
209 3817 323 3896 integra
332 3813 494 3893 baptizandi
504 3815 626 3876 formula
639 3827 701 3877 est:
724 3827 744 3854 “
754 3818 795 3879 N.
809 3818 876 3896 Ego
886 3827 912 3876 te
924 3818 1040 3894 baptizo
1049 3818 1079 3876 in
1090 3818 1207 3876 nornine

156 4037 199 4101 (l)
218 4038 279 4088 Mat
289 4039 375 4089 xxviii.
389 4043 427 4089 18.
666 4040 708 4106 (2)
728 4039 801 4108 Apol.
814 4038 849 4090 ΙΙ.
856 4055 906 4106 pro
921 4035 1086 4089 Christiania:

156 4119 199 4185 (³)
218 4120 295 4171 (lonc
307 4124 373 4173 Aret.
385 4139 441 4175 eon.
451 4123 501 4176 viii.
513 4123 593 4175 Cone.
604 4123 661 4175 Nic
671 4123 687 4175 i.
695 4140 750 4181 eoo.
759 4124 811 4173 xix.
826 4123 886 4173 Vide
897 4122 962 4173 &Si
970 4121 1096 4181 reveredc
1105 4137 1209 4174 consecr.

120 4199 175 4250 dist.
186 4201 219 4252 iv.
670 4211 713 4278 (t)
732 4210 766 4260 iii.
777 4225 849 4275 p.qu.
861 4210 919 4261 lxvi.
931 4216 973 4260 art
984 4223 1008 4256 v.
1020 4207 1051 4259 ed
1062 4211 1086 4258 2.

157 4288 199 4352 (⁵)
219 4286 483 4358 Gari-debemusne.
673 4297 715 4362 (s)
735 4295 893 4362 emanso.
