2640 4860
804 210 885 245 ,ΗΕ

158 408 219 464 234
416 399 473 460 DE
495 398 681 459 MUNERE
703 396 994 457 OONFESSARII.

162 566 216 630 tur‘.
258 568 348 646 Igitur
367 576 481 645 oportet
501 567 582 625 statis
601 566 679 623 horis
703 567 733 624 in
754 565 886 623 tribunali
905 564 1018 633 adesse,
1039 573 1069 623 ct
1088 566 1248 642 prenitentes

159 670 239 732 omui
261 678 389 742 tempore
410 668 534 743 benigne
554 666 698 741 excipere.
739 663 829 722 Juxta
854 664 887 720 S.
909 663 946 722 Ο.
968 662 1084 722 decreta
1103 665 1248 724 mulierum

163 767 359 828 consessiones
373 785 431 826 non
445 775 513 824 sunt
526 774 592 841 post
605 763 673 821 solis
688 781 821 821 occasum
834 762 1033 839 excipiendos:
1056 782 1144 836 aqua
1165 773 1250 824 tamen

159 867 260 946 regula
272 867 428 925 necessitas
439 866 555 942 cogitut
565 864 593 921 in
604 863 763 921 civitatibus
773 862 948 939 oppidisque
960 861 1156 932 discedamus,
1170 881 1250 936 quum

163 967 274 1027 ancilla
295 967 343 1022 vix
364 977 470 1039 queant
488 964 544 1022 nisi
564 970 632 1039 post
652 962 722 1021 solis
746 980 881 1020 occasum
901 961 1047 1020 accedere.
1091 960 1251 1022 Curandum

162 1077 257 1127 tamen
270 1075 302 1124 ut
321 1066 434 1124 nonnisi
449 1065 479 1122 in
492 1063 624 1129 ecclesia,
638 1060 794 1133 etquidem
809 1061 941 1120 fidelibus
962 1059 1050 1120 simul
1069 1063 1250 1140 congregatis,

165 1165 322 1225 audiantur.

409 1378 436 1453 §.
451 1378 504 1436 vl.
547 1377 595 1436 Ds
617 1393 743 1434 casurus
765 1393 1014 1434 somorrsrrorsrs.

207 1564 278 1619 23³.
300 1558 359 1617 Vix
380 1557 518 1616 audemus
538 1556 573 1615 de
598 1557 705 1615 scelere
731 1557 849 1616 immani
873 1558 963 1631 loqui,
988 1576 1047 1630 quo
1070 1557 1252 1617 consessionis

170 1658 317 1718 audiendas
331 1674 436 1716 munus
443 1658 478 1716 in
492 1659 602 1716 ruinam
624 1659 783 1716 animarum
803 1658 929 1725 vertitur,
944 1656 1078 1715 nefandis
1099 1657 1253 1716 hominibus

170 1760 230 1817 suis
244 1756 444 1834 cupiditatibus
458 1757 690 1830 obsequentibus.
733 1756 850 1815 Utinam
865 1756 894 1815 id
908 1757 970 1814 sola
978 1756 1083 1815 merrus
1091 1758 1254 1835 cogitatione

169 1857 295 1934 concipi,
306 1865 336 1913 et
354 1857 389 1914 ab
409 1857 532 1915 inimicis
546 1856 623 1924 fidei,
637 1855 828 1914 calumniandi
846 1855 976 1925 libidine,
991 1857 1140 1915 inventum
1160 1855 1255 1914 babere

170 1955 272 2015 liceat!
306 1955 366 2014 Sed
392 1974 455 2028 qua
476 1956 631 2014 Pontifices
650 1953 764 2013 edidere
784 1955 896 2014 decreta
913 1954 949 2014 ad
972 1956 1153 2014 sanctitatem
1173 1973 1256 2014 sacra·

172 2056 260 2114 menti
272 2053 405 2113 tuendam
420 2056 549 2130 ignorare
564 2073 620 2112 non
634 2063 754 2131 oportet.

209 2158 280 2212 2³4.
302 2153 537 2228 GregoriusXV.
548 2153 631 2210 Bulla
644 2153 799 2213 sditaanno
813 2157 900 2221 1622,
911 2153 1038 2232 injunxit
1047 2153 1257 2226 inquisitoribus

173 2261 205 2310 ut
217 2251 404 2328 procederent
416 2262 514 2309 contra
533 2269 634 2309 omues
648 2262 677 2309 et
696 2253 825 2330 singulos
844 2252 1005 2311 sacerdotes
1026 2262 1084 2310 tam
1106 2253 1258 2316 saeculares,

175 2368 260 2422 quam
274 2349 429 2426 regulares,
440 2349 657 2423 quomodolibet
670 2361 830 2429 exemptos,
845 2371 877 2411 ac
891 2351 962 2411 Sedi
975 2352 1154 2430 Apostolioae
1169 2352 1260 2410 imme·

176 2447 250 2508 diate
270 2449 425 2526 subjectos,
446 2467 692 2524 quorumcumque
713 2450 856 2519 ordinum,
871 2451 1074 2520 institutorum,
1088 2452 1259 2517 societatum,

175 2558 205 2606 et
223 2548 486 2625 congregationum,
508 2550 714 2626 cujuscumque
741 2549 885 2626 dignitatis
912 2560 941 2609 et
965 2551 1199 2627 praeeminentiae,
1220 2558 1261 2608 aut

177 2649 279 2720 quovis
306 2647 456 2724 privilegio
481 2658 509 2706 et
532 2649 641 2709 indulto
666 2650 801 2717 munitos,
829 2651 878 2723 qui
911 2651 1036 2723 aliquem
1069 2651 1260 2726 poenitentem,

176 2765 364 2821 quascumque
386 2766 508 2824 persona
521 2748 569 2806 illa
588 2749 634 2816 sit,
649 2749 694 2806 vel
709 2748 738 2805 in
751 2757 815 2806 actu
829 2750 1040 2807 sacramentalis
1062 2748 1261 2816 confessionis,

175 2847 221 2905 vel
234 2855 297 2906 ante
312 2846 357 2903 vel
370 2847 533 2905 immediate
543 2855 608 2923 post
615 2847 833 2916 confessionem,
843 2848 887 2905 vel
896 2851 1059 2917 occasione,
1068 2859 1118 2908 aut
1131 2858 1264 2926 praetextu

176 2946 375 3014 confessionis,
403 2948 432 3004 in
456 2946 668 3012 confessionali,
695 2946 755 3003 sive
782 2948 811 3004 in
835 2948 890 3006 alio
915 2946 980 3007 loco
1006 2948 1043 3006 ad
1069 2948 1262 3007 confessiones

177 3045 332 3104 audiendas
353 3045 503 3113 destinato,
530 3054 578 3104 aut
600 3046 699 3113 electo,
724 3065 789 3104 cum
811 3047 991 3105 simulatione
1010 3046 1146 3106 audiendi
1163 3048 1264 3107 ibidem

176 3145 398 3212 confessionem,
415 3145 448 3202 ad
463 3144 613 3204 inhonesta
633 3154 661 3202 et
681 3146 773 3222 turpia
792 3145 944 3214 solicitare,
959 3147 1005 3204 vel
1026 3165 1195 3224 provocare,
1208 3148 1264 3205 sive

177 3245 283 3311 verbis,
298 3244 358 3300 sive
372 3244 472 3319 signis,
487 3245 547 3302 sive
561 3245 687 3312 nutibus,
703 3246 764 3303 sive
778 3254 862 3310 tactu,
877 3245 937 3302 sive
956 3264 1007 3322 per
1026 3248 1209 3324 scripturam,
1223 3253 1265 3304 aut

179 3351 257 3409 tunc,
267 3351 314 3398 aut
323 3351 389 3416 post
397 3341 554 3416 legendam,
565 3344 740 3412 tentaverint,
752 3353 799 3401 aut
808 3363 874 3402 cum
884 3345 925 3402 eis
934 3345 1050 3403 illicitos
1061 3355 1089 3403 st
1102 3346 1266 3405 inhonestos

179 3457 337 3505 sermones,
359 3438 404 3496 vel
425 3448 565 3509 tractatus,
581 3444 730 3501 temerario
750 3463 820 3501 ausu
845 3443 1033 3511 habuerint;''
1055 3455 1085 3503 et
1110 3444 1266 3505 monendos

180 3539 349 3617 prenitentes
384 3538 474 3596 voluit
500 3539 672 3599 Benedictus
695 3543 779 3600 XIV.
807 3542 842 3601 de
875 3544 1045 3620 obligatione
1079 3543 1268 3604 denunciandi

180 3638 406 3712 inquisitoribus,
434 3639 494 3696 sive
520 3640 647 3699 locorum
674 3641 823 3700 ordinariis
846 3643 999 3718 praedictis,
1027 3662 1183 3721 personam
1210 3661 1267 3717 qua

182 3739 399 3799 solicitatiouem
414 3741 598 3810 commiserit,
614 3741 725 3798 etiamsi
738 3740 870 3800 sacerdos
884 3744 930 3811 sit,
945 3745 995 3815 qui
1013 3743 1217 3820 jurisdictione
1237 3740 1269 3800 ad

181 3840 388 3901 absolutionem
402 3839 493 3897 valide
505 3839 722 3918 impertiendam
736 3851 839 3906 careat,
855 3843 1062 3901 autsolicitatio
1076 3843 1150 3902 iuter
1164 3843 1269 3902 confes·

181 3940 287 3998 sarium
314 3948 343 3996 et
367 3940 551 4015 poenitentem
579 3950 675 3998 mutua
701 3939 794 4008 fuerit,
822 3941 882 3997 sive
915 3941 1098 4000 solicitationi
1131 3944 1268 4021 poenitens

182 4039 367 4106 consenserit,
382 4040 442 4096 sive
453 4059 624 4098 consensum
638 4039 755 4097 minime
771 4041 941 4116 praestiterit,
957 4041 1003 4099 vel
1019 4041 1141 4119 longum
1161 4051 1269 4118 tempus

182 4146 248 4212 post
260 4137 352 4213 ipsam
367 4138 582 4198 solicitatiouem
594 4141 654 4217 jam
669 4137 820 4206 effluxerit,
836 4148 883 4196 aut
896 4140 1049 4199 solicitatio
1065 4161 1082 4198 a
1095 4140 1269 4200 confessario

182 4253 241 4293 uon
263 4253 316 4311 pro
341 4237 447 4311 seipso,
470 4238 519 4295 sed
543 4259 594 4314 pro
621 4239 676 4296 alia
697 4250 956 4314 persona-peracta
982 4240 1077 4299 fuerit.
1113 4241 1270 4300 “Caveant

184 4332 333 4413 iusuper,''
348 4335 439 4412 pergit
462 4336 606 4406 Pontifex,
622 4337 802 4415 “diligenter
815 4337 989 4408 confessarii,
1005 4358 1040 4397 ne
1061 4339 1270 4420 poeuitentibus,
