2640 4860
110 364 170 423 368
387 353 445 415 DE
466 350 648 413 currens
667 349 922 415 OONJUGUM.

151 531 200 585 ss.
222 521 307 591 Quod
321 521 357 580 sd
372 540 476 581 munus
490 521 618 599 conjugii
632 529 751 598 spectat,
764 520 898 597 Apostoli
912 529 1058 599 praecepta
1070 520 1190 580 servanda

110 635 193 687 sunt:
217 623 341 681 “Uxori
364 624 407 681 vir
429 621 556 681 debitum
575 619 690 680 reddat:
711 619 843 679 similiter
867 630 964 681 autem
990 631 1021 679 et
1040 640 1113 681 uxor
1131 622 1189 680 viro.

112 725 218 785 Mulier
231 723 276 780 sui
289 724 419 799 corporis
433 730 601 798 potestatem
614 738 672 779 non
685 719 782 790 habet,
797 719 848 778 sed
861 722 915 780 vir.
959 721 1102 781 Similiter
1114 731 1193 780 sumn

111 836 141 883 et
154 825 196 882 vir
208 823 254 880 sui
267 823 397 899 corporis
418 830 588 898 potestatem
601 838 660 878 non
674 819 769 889 habet,
789 819 841 877 sed
862 820 977 880 mulier·
1021 822 1121 882 Nolite
1133 822 1194 879 frau-

111 922 177 981 dare
191 924 327 990 invicem,
340 923 397 981 nisi
412 922 484 980 sorte
496 938 535 978 ex
548 938 691 980 consensu
713 918 749 978 sd
763 930 886 997 tempus,
900 930 933 978 ut
946 922 1054 979 vacetis
1068 921 1192 980 orationi:

111 1023 256 1081 etiterum
271 1021 445 1078 revertimini
468 1020 497 1076 iu
518 1019 656 1097 idipsum,
677 1038 713 1078 66
736 1028 824 1079 tentet
842 1038 894 1078 vos
908 1030 1025 1079 samnas
1039 1030 1154 1098 propter
1164 1020 1196 1077 in·

112 1121 315 1180 continentiam
329 1110 500 1177 i'estram.''¹
540 1119 575 1177 Iu
594 1137 648 1177 usu
669 1128 763 1179 summ
782 1120 910 1197 conjugii
925 1119 1067 1194 quidquid
1079 1121 1140 1198 ejus
1153 1119 1194 1177 fini

113 1230 254 1298 repugnat
275 1218 385 1287 scdulo,
409 1217 555 1278 uitandum
577 1228 631 1286 est,
648 1228 680 1276 ut
702 1219 739 1277 sit
759 1219 959 1279 “honorabile
981 1220 1154 1279 connubium
1173 1219 1195 1276 in

113 1321 256 1387 omnibus,
270 1331 299 1376 et
311 1318 408 1376 thorus
423 1309 673 1378 immaculatus.’'²

441 1553 467 1628 §.
490 1552 529 1611 ll.
571 1551 620 1611 De
641 1570 697 1609 usu
716 1570 865 1610 courueu.

155 1743 204 1797 66.
226 1739 363 1815 ignoscat
383 1739 473 1797 lector
492 1739 563 1797 mibi
584 1740 703 1815 vestigia
723 1738 755 1796 S.
770 1737 913 1814 Alpheusi
933 1739 964 1797 in
979 1757 1010 1797 re
1024 1739 1134 1797 lubrica
1147 1755 1197 1814 pre

117 1839 224 1906 menti3
245 1839 385 1897 intellexit
396 1838 506 1897 scilicet
519 1839 708 1915 peritissimus
727 1837 776 1895 hic
798 1839 956 1897 animarum
977 1838 1108 1896 medicus
1121 1838 1199 1914 impu·

116 1937 222 1997 diuitias
248 1939 432 2014 praecaeteris
458 1939 559 1995 anima
580 1937 672 2015 plagis
698 1935 826 1995 remedia
845 1936 1019 2004 adhibenda,
1048 1945 1078 1994 et
1101 1938 1195 1995 larvam

115 2037 242 2109 alioquin
252 2048 279 2093 et
298 2039 424 2112 speciem
439 2038 553 2095 inanem
571 2038 682 2094 virtutis
703 2036 808 2094 haberi.
850 2037 993 2109 Pleraque
1008 2038 1103 2113 ipsius
1118 2036 1199 2094 verbis

115 2135 319 2200 describemus,
335 2134 452 2208 nequid
467 2146 595 2193 nostrum
609 2135 763 2194 offensioni
777 2136 823 2193 sit.

155 2238 204 2293 67.
228 2232 366 2309 Conjugii
379 2251 459 2299 usus,
476 2233 561 2292 modo
575 2235 676 2292 rationi
690 2235 882 2303 convenienti,
897 2235 993 2293 licitus
1014 2245 1069 2303 est,
1091 2253 1157 2293 uam
1168 2251 1199 2291 ex

113 2334 177 2409 ipso
191 2329 356 2389 Conditoris
375 2332 503 2390 instituto
517 2333 549 2390 fit
561 2343 592 2390 ut
606 2333 691 2390 maris
713 2343 741 2392 et
760 2335 873 2393 seminae
889 2334 1094 2411 conjunctione
1119 2351 1199 2410 genus

115 2438 287 2509 propagetur
307 2429 475 2489 humanum.
518 2441 538 2467 ⁸⁶
550 2432 630 2489 Situs
644 2435 780 2492 naturalis
794 2443 847 2501 est,
861 2443 892 2491 ut
908 2433 1013 2491 mulier
1026 2435 1064 2491 sit
1077 2433 1201 2497 succuba,

116 2541 145 2590 et
157 2532 200 2589 vir
213 2530 350 2598 incubus3
371 2531 419 2589 hie
439 2533 516 2590 enim
532 2531 634 2590 modus
649 2534 742 2609 aptior
760 2542 804 2591 est
823 2532 958 2591 effusioni
973 2534 1095 2591 seminis
1112 2531 1201 2596 virilis,

113 2641 142 2690 et
155 2630 312 2708 receptioni
326 2632 355 2689 iu
369 2651 418 2689 vas
432 2632 585 2690 femineum
600 2633 634 2691 ad
646 2633 754 2709 prolem
771 2632 984 2708 procreandam.
1016 2633 1098 2691 Situs
1112 2641 1198 2688 autem

115 2733 280 2790 innaturalis
294 2741 338 2788 est
350 2733 375 2790 si
388 2732 480 2791 coitus
494 2733 573 2789 aliter
586 2732 644 2800 liat,
659 2751 763 2810 nempe
777 2731 915 2801 sedendo,
931 2731 1045 2800 stando,
1061 2731 1096 2789 de
1109 2732 1200 2796 latere,

114 2830 160 2889 rel
185 2843 358 2908 praepostere
381 2850 459 2890 more
485 2830 638 2908 pecudum,
653 2832 697 2889 vel
723 2833 747 2890 si
767 2833 812 2890 vir
830 2835 868 2891 sit
887 2832 1040 2900 succubus,
1056 2840 1085 2889 et
1105 2831 1201 2888 mulier

114 2932 226 2989 incuba.
269 2929 386 2991 Coitum
400 2931 486 2999 huuc,
501 2942 602 3009 praeter
621 2933 704 2990 situm
728 2932 895 2999 naturalem,
911 2933 957 2989 alii
973 2931 1049 3008 apud
1071 2930 1199 2989 Sauchez

113 3030 133 3088 l.
150 3032 189 3089 ix.
205 3031 243 3089 D.
259 3030 343 3088 XVI.
358 3050 387 3090 n.
402 3037 431 3098 2,
446 3031 577 3109 generice
591 3029 725 3089 damnant
745 3031 781 3089 de
804 3032 932 3098 mortali3
947 3031 996 3088 alii
1018 3029 1087 3088 verb
1108 3030 1200 3090 dieunt

113 3149 177 3188 esse
192 3131 308 3189 mortale
329 3132 445 3189 ultimos
465 3130 536 3189 duos
558 3131 671 3198 modos,
686 3131 811 3189 diceutes
836 3131 933 3189 abhis
960 3131 1055 3207 ipsam
1077 3141 1199 3188 naturam

114 3230 273 3287 abhorrere.
309 3229 368 3287 Sed
387 3232 574 3288 communiter
594 3230 692 3289 dicunt
710 3232 768 3299 alii,
795 3249 895 3289 omues
921 3231 993 3288 istos
1020 3231 1123 3288 modos
1149 3248 1201 3288 non

113 3327 251 3386 excedere
277 3327 391 3403 culpam
416 3330 567 3387 venialem.
599 3330 694 3397 Ratio,
715 3332 783 3403 quia
802 3349 840 3388 ex
865 3348 921 3388 una
942 3340 1032 3406 parte,
1047 3331 1114 3388 licet
1134 3328 1202 3388 adsit

113 3426 207 3497 aliqua
220 3424 401 3491 inordinatio,
415 3427 478 3501 ipsa
492 3436 585 3484 tamen
600 3437 712 3486 nonest
725 3439 852 3497 tanta,ut
864 3430 1006 3507 pertingat
1018 3428 1054 3487 ad
1076 3429 1199 3494 mortale,

113 3543 178 3584 eum
192 3523 285 3582 solum
300 3533 428 3582 versetur
441 3526 515 3582 circa
528 3525 711 3584 accidentalia
724 3531 844 3605 copulae,
860 3548 897 3586 ex
912 3530 966 3587 alia
982 3539 1073 3606 parte,
1089 3529 1200 3587 mutatio

114 3627 184 3684 situs
204 3624 414 3704 generationem
428 3643 485 3683 non
500 3624 628 3700 impedit,
643 3646 708 3684 cum
729 3648 828 3686 semen
850 3629 903 3686 viri
923 3647 981 3686 non
1001 3628 1153 3704 recipiatur
1174 3628 1201 3684 in

114 3728 261 3786 matricem
282 3726 408 3784 mulieris
422 3744 473 3801 per
496 3725 680 3793 inlusionem,
695 3747 745 3786 seu
767 3727 949 3796 descensum,
964 3727 1014 3785 sed
1039 3746 1091 3803 per
1111 3737 1203 3784 attrac-

114 3828 232 3895 tionem,
250 3825 318 3885 dum
332 3827 434 3885 matrix
452 3845 489 3884 ex
503 3845 533 3884 se
549 3828 710 3885 naturaliter
723 3828 805 3886 virile
818 3846 919 3886 semen
934 3820 1094 3885 attrahit.'’³
1126 3829 1201 3884 Atta·

114 3945 181 3986 rnen
196 3936 321 4004 “potest
334 3946 397 3985 esse
407 3928 520 4004 signum
529 3928 655 3984 mortalis
666 3918 1001 4002 eoncupiscentiae,”⁴uti
1010 3925 1205 3985 animadvertit

114 4024 146 4082 S.
163 4028 304 4095 Thomas,
320 4046 422 4105 nempe
437 4027 462 4084 si
476 4046 513 4085 ex
526 4025 621 4084 bestiae
635 4025 748 4094 affectu,
763 4026 807 4084 vel
820 4026 956 4084 sodomiae
967 4027 1125 4102 proveniat.
1158 4023 1200 4082 Ob

284 4230 325 4293 (1)
348 4232 358 4274 l
374 4230 431 4278 Cor.
443 4230 483 4278 vii.
496 4233 519 4278 3.
809 4231 851 4296 (2)
872 4228 936 4277 Heb.
947 4228 999 4277 xiii.
1011 4231 1035 4276 4.

284 4312 326 4376 (3)
345 4311 375 4363 L.
387 4313 419 4363 ri.
431 4329 454 4364 6.
470 4316 527 4363 917.
817 4316 859 4379 (4)
879 4313 979 4362 Ibidem.

1144 4376 1181 4471 i.
