2640 4860
572 1076 886 1154 PARSIL

532 1293 598 1359 DE
635 1290 937 1357 SACRIFICIO.

643 1669 786 1730 CAPUT
808 1669 833 1730 1.

554 1887 772 1943 nnsscmrrcn
791 1887 922 1928 urruns.

228 2056 278 2110 71.
299 2051 376 2108 Fuse
389 2047 572 2124 probavimus
592 2046 623 2104 in
642 2046 737 2105 Missa
749 2047 848 2105 offerri
861 2046 926 2105 Deo
941 2064 1039 2106 verum
1052 2049 1232 2116 sacrificium,
1245 2059 1271 2106 et

190 2147 305 2222 quidem
318 2145 592 2224 prestantissimum,
614 2163 702 2217 quum
716 2144 849 2204 Christus
864 2144 1008 2205 Dominus
1032 2149 1071 2206 sit
1092 2148 1234 2215 sacerdos,
1247 2158 1272 2206 et

187 2247 312 2312 victima,
334 2245 411 2302 Patri
432 2262 485 2302 suo
507 2241 645 2321 perpetui
668 2244 793 2303 offerens
819 2264 924 2322 eorpus
943 2255 972 2303 et
993 2234 1164 2324 sanguinem
1178 2250 1278 2315 suum,

188 2362 251 2418 quoe
265 2345 296 2403 in
308 2361 392 2401 eruce
405 2345 496 2402 semel
508 2350 576 2402 sunt
587 2352 706 2402 cruento
721 2363 800 2403 more
814 2345 970 2404 immolate.
1001 2344 1118 2405 Latrim
1130 2365 1274 2405 summum

188 2452 233 2501 est
244 2461 344 2521 genus,
365 2440 441 2515 quod
455 2443 484 2501 in
497 2442 554 2500 hoo
576 2443 716 2502 sacrificio
735 2444 777 2512 fit,
801 2453 876 2502 tauta
888 2443 1003 2501 victima
1016 2446 1046 2503 in
1059 2445 1163 2504 divinae
1177 2448 1277 2525 majes-

189 2545 253 2602 tatis
267 2543 373 2604 cultum
387 2542 499 2600 oblata:
520 2539 723 2602 Eucharistiu
743 2552 795 2609 est,
818 2561 868 2600 seu
892 2542 1043 2619 gratiarum
1064 2544 1137 2603 actio
1151 2545 1188 2603 ob
1202 2545 1278 2605 dona

189 2645 338 2704 innumere
358 2643 439 2701 nobis
463 2642 589 2720 indignis
608 2642 726 2701 collate:
749 2640 849 2700 hostio
868 2652 913 2699 est
925 2642 1157 2719 propitiationis
1172 2644 1206 2702 ad
1221 2645 1279 2722 pla·

189 2743 309 2803 eandum
324 2741 419 2801 Deum
434 2743 539 2801 nostris
553 2741 706 2799 sceleribus
719 2741 879 2800 infensum:
895 2740 1079 2818 impetrandi
1093 2744 1195 2801 virtute
1209 2763 1279 2820 prae·

189 2851 252 2910 stet,
266 2861 320 2901 neo
334 2843 411 2900 enim
425 2839 506 2899 Deus
520 2839 684 2915 quidnobis
698 2859 749 2917 per
762 2840 868 2898 Filium
882 2858 965 2898 suum
979 2842 1141 2916 petentibus
1155 2841 1279 2921 denega·

188 2941 237 3000 bit.
280 2941 496 3018 Propitiationis
517 2941 560 2998 vis
581 2940 610 2998 in
631 2958 750 3018 corpore
771 2938 871 2997 tradito
890 2958 942 3016 pro
962 2940 1057 3008 nobis,
1088 2950 1118 2999 et
1137 2943 1279 3019 sanguine

189 3040 253 3098 suso
266 3042 296 3099 in
310 3041 508 3099 remissionem
529 3047 708 3116 peecatorum
728 3041 782 3096 sita
802 3047 854 3096 est.
896 3038 1019 3096 Peccata
1032 3039 1116 3116 igitur
1129 3042 1279 3099 remittun-

191 3148 244 3206 tur,
261 3141 349 3215 gratia
363 3157 419 3211 qua
433 3140 497 3210 quis
515 3156 546 3195 se
560 3156 658 3196 eorum
679 3139 814 3213 peniteat
826 3156 977 3196 concessa:
999 3137 1050 3195 sed
1064 3139 1124 3197 fieri
1138 3149 1235 3215 potest
1248 3153 1280 3198 ut

140 3282 144 3294 .
187 3236 253 3295 huie
266 3237 387 3303 resistat,
402 3245 474 3293 etse
488 3236 579 3293 fructu
595 3235 728 3292 sacrificii
740 3235 858 3295 fraudet.

227 3339 277 3392 72.
300 3333 479 3391 Sacrificium
492 3353 509 3391 a
522 3334 554 3390 S.
569 3333 731 3409 Alphonso,
745 3344 812 3413 post
830 3335 912 3404 elios,
934 3335 1068 3394 definitur
1080 3337 1186 3396 oblatio
1207 3338 1281 3397 sacta

188 3431 253 3490 Deo
266 3450 317 3508 per
329 3432 555 3490 immutationem
569 3431 689 3510 alicujus
702 3434 754 3501 rei,
769 3434 798 3491 in
812 3427 926 3512 signum
946 3435 1073 3512 supremi
1092 3434 1224 3504 dominii,
1240 3456 1279 3498 ex

187 3532 314 3610 legitima
327 3525 529 3589 institutione.¹
569 3529 798 3592 Immutationem
819 3534 848 3591 in
872 3534 966 3593 Missa
979 3534 1132 3612 mysticam
1145 3535 1278 3612 plerique

185 3632 301 3701 habent,
316 3649 380 3705 quae
393 3630 423 3688 in
437 3629 648 3689 consecratione
662 3631 815 3710 contingit:
837 3633 919 3710 panis
933 3633 1043 3691 scilieet
1061 3633 1162 3691 etvini
1176 3653 1279 3694 eonse-

188 3736 327 3817 eratione,¹
339 3749 443 3808 corpus
456 3740 485 3789 et
497 3730 615 3807 sanguis
639 3727 749 3789 Christi
770 3733 843 3790 fiunt
864 3733 1024 3810 praesentia,
1048 3733 1202 3810 conjuncta
1215 3737 1280 3808 qui·

188 3834 264 3904 dem,
279 3851 366 3908 quum
381 3832 491 3909 integer
504 3828 638 3888 Christus
658 3831 712 3888 sub
732 3831 862 3890 alterutra
877 3832 972 3908 specie
986 3832 1032 3898 sit,
1054 3830 1105 3888 sed
1128 3835 1281 3892 concomi-

187 3933 296 4002 tantia,
324 3933 365 3990 uti
390 3931 545 4004 loquuntur
570 3929 706 4008 theologi,
729 3949 788 3989 non
814 3930 843 3988 vi
869 3931 1037 3988 verborum:
1068 3928 1171 3988 horum
1198 3934 1277 3992 enim

186 4031 286 4090 virtute
298 4049 401 4107 eorpus
416 4028 610 4089 tantummodo
623 4029 677 4087 sub
689 4030 785 4106 specie
798 4027 881 4108 ponis
893 4029 926 4086 fit
938 4047 1075 4106 praesens,
1090 4031 1207 4106 sanguis
1222 4032 1277 4090 sub

184 4131 280 4202 speeie
294 4130 370 4186 vini:
387 4141 560 4208 quapropter
573 4131 602 4188 in
615 4129 678 4189 sola
688 4129 900 4188 consecratione
914 4137 1002 4187 totam
1020 4128 1155 4187 seorifioii
1171 4129 1274 4188 Missae

607 4309 847 4378 (nunnus
