2640 4860
240 119 298 180 DE
318 116 646 180 JURISDICTIONE
669 120 958 189 conrsssstnfl.
1089 128 1144 184 193

51 275 349 365 ρειοαιῖρωιιίιθιιῐίε
372 287 409 344 sit
433 295 516 344 notus
550 286 624 362 apud
650 289 854 348 confessarium
882 290 931 362 qui
957 299 1034 349 certa
1056 291 1146 367 pollet

47 385 264 465 jurisdictione,
279 396 308 445 et
327 389 441 463 ignotus
456 384 531 462 apud
552 387 755 446 confessarium
775 387 926 447 habentem
939 389 1030 449 solnm
1043 390 1144 466 proba·

50 486 154 543 bilem.
197 489 226 542 3.
250 486 283 543 δί
303 484 502 565 donimanus,
523 486 573 557 qni
600 486 685 543 habet
705 486 935 563 jurisdictionem
955 489 1142 564 probabilem,

51 583 210 660 prudenter
224 585 322 644 timeat
339 582 524 661 punitentem
538 603 595 641 non
616 585 752 643 iacturum
774 587 984 645 confessionem
1006 589 1143 664 integram

52 681 132 759 apud
142 701 208 741 eum
218 685 267 756 qui
277 681 483 749 certambabet.
516 688 545 741 4.
567 683 654 740 Addit
665 685 781 760 Sporer,
793 704 829 743 ne
843 686 983 760 poenitens
996 684 1102 744 incidat
1115 688 1145 746 in

53 782 183 854 aliquam
204 786 393 850 aversionem,
408 781 453 839 vel
474 781 640 841 damnosam
661 784 854 859 suspicionem
877 784 1044 844 confessarii
1064 786 1144 844 certi.

55 884 85 938 5.
110 880 144 937 Si
170 890 270 958 urgeat
295 889 468 959 preceptum
492 881 692 949 consessionis,
719 892 767 940 aut
792 884 944 960 singularis
970 883 1147 960 indulgentia

50 977 202 1048 lucranda,
217 980 262 1038 vel
285 981 352 1054 quia
372 979 422 1037 diu
442 982 507 1053 quis
527 1000 585 1038 uon
605 982 708 1055 poterit
724 979 899 1040 confiteri.”¹
940 983 1048 1042 Dicunt
1062 984 1146 1042 etiam

55 1078 222 1141 ‘lsnfficere
233 1079 268 1138 ad
279 1078 482 1138 absolvendum
496 1097 561 1136 cum
570 1079 766 1156 jurisdictione
776 1080 860 1139 dubia
872 1091 1025 1155 sequentes
1035 1101 1145 1160 causas.

56 1181 85 1236 1.
108 1177 142 1235 Si
168 1189 268 1256 urgeat
292 1179 449 1256 pericnlum
476 1179 584 1237 mortis.
625 1183 655 1234 2.
677 1179 709 1236 Si
735 1191 832 1255 urgeat
852 1192 1024 1258 preceptum
1045 1200 1145 1240 annun

53 1277 257 1336 confessionis.
280 1283 329 1336 »3.
351 1278 384 1335 si
404 1278 544 1355 poenitens
558 1278 674 1336 deberet
692 1279 834 1336 celebrare
855 1280 901 1338 vel
921 1282 1143 1346 communicare,

54 1375 129 1435 alids
140 1377 265 1436 infamia
275 1387 370 1436 notam
379 1377 543 1435 incurreret.
565 1381 594 1433 4.
608 1375 970 1437 AdduntSalmanticenses
979 1399 1004 1437 c.
1014 1381 1045 1438 ii.
1055 1399 1083 1438 ιι.
1094 1385 1144 1440 72.

57 1474 92 1532 Si
111 1475 245 1536 sacerdos
266 1486 375 1534 tenetur
394 1476 534 1535 celebrare
555 1495 592 1534 ex
612 1476 793 1552 obligatione.
846 1478 1033 1537 Probabiliter
1053 1488 1145 1538 autem

54 1584 176 1633 censent
195 1575 302 1634 Suarez
329 1574 357 1632 d.
384 1579 434 1634 26.
450 1594 474 1632 s.
503 1579 531 1632 6.
558 1584 586 1633 et
606 1574 845 1633 salmanticenses
871 1577 909 1634 ib.
937 1597 1003 1636 cum
1031 1579 1145 1636 Aversa

58 1671 170 1752 (contra
189 1675 270 1732 Salas
284 1682 313 1732 et
333 1671 473 1752 Corncjo)
488 1675 517 1731 in
532 1674 567 1731 iis
588 1674 699 1731 casibus
720 1676 903 1750 poenitentem
923 1695 982 1734 non
998 1677 1086 1734 teneri
1109 1677 1144 1735 ad

59 1773 279 1841 confessionem,
293 1773 342 1831 sed
358 1756 466 1832 tantum
480 1772 515 1830 ad
529 1773 736 1842 contritionem,
751 1792 808 1846 qua
820 1792 936 1851 semper
948 1785 1023 1852 eget,
1034 1776 1144 1834 etiamsi

61 1865 272 1930 confiteatur-”²

102 1974 170 2030 137.
192 1970 211 2028 J
213 1971 425 2031 nrisdictionem
438 1990 573 2035 exercere
586 1973 652 2030 licet
664 1972 803 2033 infideles
816 1990 855 2032 ex
868 1974 922 2032 alia
935 1974 1051 2034 dioecesi
1065 1974 1148 2032 adve-

60 2070 180 2138 nientes,
196 2080 224 2128 et
245 2069 453 2131 absolutionem
464 2072 550 2145 etism
561 2091 577 2128 a
589 2072 741 2130 reservatis
753 2072 784 2130 in
803 2072 853 2131 illa
871 2072 998 2142 dioecesi,
1013 2093 1075 2147 quae
1090 2092 1148 2133 non

61 2178 241 2231 mersantur
266 2172 296 2229 in
317 2170 414 2240 altera,
432 2150 600 2243 subsedere,
625 2169 779 2230 dummodo
791 2171 821 2228 in
844 2171 970 2230 fraudem
991 2174 1074 2249 legis,
1095 2191 1147 2230 seu

62 2270 270 2337 reservationis,
285 2288 342 2327 non
363 2261 552 2335 ιάιίιιιιιιὶιιι.3
584 2270 653 2328 Νοιι
667 2278 761 2326 tamen
783 2279 876 2346 potest
891 2271 1052 2346 jurisdictio
1072 2271 1148 2328 dele·

62 2377 126 2445 gtta
136 2368 168 2427 in
186 2368 240 2426 alia
252 2367 368 2428 dioecesi
382 2390 398 2427 a
411 2368 555 2427 sacerdote
569 2369 598 2425 in
611 2388 645 2426 ea
659 2368 693 2426 ad
708 2377 820 2443 tempus
835 2377 963 2425 versante
977 2369 1104 2427 exerceri
1117 2370 1148 2427 in

62 2466 159 2526 fideles
174 2485 212 2525 ex
224 2467 340 2525 dioecesi
354 2470 384 2527 in
406 2487 462 2541 qua
484 2469 654 2544 approbatus
675 2476 720 2526 est
738 2465 927 2524 confessarius
948 2465 1146 2525 advenientes:

63 2585 126 2624 nam
140 2566 248 2644 pendet
267 2568 384 2626 omnino
405 2568 440 2624 ab
460 2568 596 2643 episcopo
616 2567 682 2625 loci.
716 2564 881 2624 iurisdictio
908 2564 974 2624 verb
996 2565 1148 2633 ordinaria,

64 2665 153 2737 qualis
167 2674 212 2723 cst
225 2666 351 2742 parochi,
361 2674 507 2724 exercetur
516 2666 546 2723 in
556 2666 699 2724 subditum
708 2683 800 2733 suunr,
812 2683 897 2736 quem
908 2673 987 2722 extra
1000 2663 1147 2723 dioecesim

64 2775 221 2823 versantem
242 2767 395 2824 invenerit:
411 2783 477 2822 nam
491 2783 579 2837 quum
593 2764 750 2822 voluntaria
769 2764 815 2831 sit,
830 2763 936 2836 absque
950 2763 1067 2840 strepitu
1082 2765 1148 2832 fori,

63 2865 187 2923 exerceri
202 2872 297 2941 potest
308 2873 389 2923 extra
402 2865 574 2923 territorium
589 2865 696 2935 absque
711 2862 830 2940 alicujus
844 2863 960 2942 injuria.

307 3097 332 3172 §.
347 3097 387 3156 ll.
429 3097 477 3156 Da
497 3116 668 3156 uouucmu
688 3116 903 3157 consessurus.

101 3273 168 3328 138.
190 3268 333 3345 Specialis
359 3266 488 3345 epiceopi
513 3268 680 3343 approbatio
705 3268 857 3341 requiritur
882 3266 918 3325 ad
949 3270 1146 3327 consessiones

62 3368 226 3426 monialium
238 3366 433 3443 excipiendas,
447 3367 560 3425 etiamsi
570 3376 711 3442 exempta
725 3368 782 3423 sint
795 3368 830 3424 ab
843 3366 1048 3425 ordinariorum
1059 3368 1147 3443 juris·

63 3464 199 3525 dictione:
234 3465 263 3523 id
295 3467 372 3523 enim
412 3465 565 3524 declaravit
598 3465 735 3523 Clemens
767 3465 807 3521 X.
840 3475 967 3523 statuens
1001 3465 1145 3540 regulares

62 3562 186 3642 indigere
219 3582 254 3621 sa
279 3565 483 3642 approbatione
510 3564 594 3622 etiam
622 3562 714 3636 quoad
742 3563 879 3621 moniales
905 3564 959 3619 sibi
991 3562 1145 3636 subjectas,
1238 3592 1241 3597 ·

63 3672 87 3719 et
98 3665 269 3741 approbatos
288 3678 343 3755 ppo
355 3683 413 3722 uno
427 3664 609 3731 monasterio,
624 3681 684 3719 non
700 3661 765 3718 ideo
779 3661 889 3716 censeri
910 3660 1078 3735 approbatos
1093 3676 1145 3734 pro

63 3761 124 3832 alio,
139 3772 167 3822 et
180 3762 369 3822 confessarios
390 3762 628 3821 extraordinarios
650 3759 853 3836 approbatione
880 3757 997 3833 speciali
1017 3756 1146 3834 indigere

198 3963 241 4030 (1)
262 3961 550 4026 S.A1ph.1.vi.·n.573.
753 3957 790 4016 (2)
809 3954 908 4017 Ibidem,
919 3972 945 4004 u.
957 3958 1016 4004 571.
1054 4026 1060 4037 Ι

204 4042 206 4047 ’
366 4050 407 4116 (3)
427 4047 543 4097 Clemens
553 4046 587 4096 X.
601 4043 705 4093 Constit.
719 4040 842 4107 Supnna.

10 4146 14 4159 '
105 4142 180 4204 Vou.
195 4144 332 4203 Ill-18
