2640 4860
403 369 460 429 DE
481 368 904 430 DISPENSATIONIBUS.
1143 380 1202 436 369

153 540 224 596 226.
246 534 365 602 Quoties
391 536 602 594 matrimonium
630 536 739 594 nullum
765 536 853 594 fuisse
876 538 1003 596 noscitur
1028 557 1065 598 ex
1090 539 1201 602 defectu

112 654 270 695 consensus
285 636 344 692 veri
366 636 395 693 in
416 643 535 708 utroque
555 633 748 703 contrahente,
763 635 942 694 renovandus
963 647 1007 695 est
1026 639 1060 696 ab
1080 649 1201 716 utroque

112 754 271 794 consensus
298 735 402 802 verbis,
424 734 470 791 vel
495 735 550 792 alio
574 733 681 791 indicio
704 734 874 793 sufficiente.
916 733 1034 813 Copula
1056 740 1201 819 conjugali

112 835 216 893 affectu
237 834 331 891 habita
350 851 524 892 consensum
550 833 616 890 satis
637 830 775 891 declarat:
800 844 972 911 quapropter
998 837 1047 909 qui
1067 840 1199 902 ancillam

112 933 240 1001 duxerat,
253 934 387 1009 ignorans
401 933 534 990 servilem
547 933 610 1010 ejus
624 932 829 1000 conditionem,
843 943 987 1010 etpostea,
997 954 1031 993 ea
1044 949 1199 1013 comperta,

112 1052 177 1091 eam
197 1033 347 1090 carnaliter
369 1033 511 1109 cognovit,
534 1032 701 1108 compulsus
724 1041 768 1090 est
787 1050 849 1090 eam
876 1028 1023 1093 retinere.l
1064 1035 1148 1101 Quod
1174 1041 1200 1097 si

113 1133 234 1190 defuerit
260 1150 415 1190 consensus
435 1150 518 1188 verus
538 1131 695 1190 alterutrius
718 1141 834 1199 tantum,
849 1132 1023 1210 supplendus
1046 1143 1107 1191 est:
1132 1135 1200 1197 dum

113 1249 270 1290 consensus
284 1231 398 1290 alterius
410 1242 581 1306 perseverat,
593 1249 659 1288 nam
673 1232 768 1306 puella
782 1250 845 1304 quae
856 1232 917 1290 viro
928 1233 1027 1290 tradita
1040 1242 1083 1292 est
1101 1234 1199 1304 invita,

112 1350 164 1408 per
185 1350 290 1388 annum
313 1350 378 1389 cum
399 1330 519 1388 dimidio
546 1329 681 1406 deinceps
702 1331 729 1388 ei
750 1330 900 1406 conjuncta
920 1331 1022 1389 affectu
1046 1334 1200 1410 conjugali,

111 1431 260 1488 tenebatur
272 1428 307 1487 ad
321 1449 385 1488 eum
400 1430 503 1498 redire,
518 1449 605 1502 quum
621 1448 777 1488 consensus
790 1449 828 1488 ex
842 1433 985 1489 consortio
999 1432 1048 1489 illo
1068 1431 1201 1493 diuturno

113 1522 319 1605 colligeretur.2
358 1529 487 1588 Tenetur
513 1539 604 1587 autem
626 1529 794 1604 plerumque
818 1528 955 1607 deceptor
974 1549 1073 1588 verum
1094 1551 1201 1608 ponere

112 1647 297 1695 consensum,
311 1627 344 1684 ad
354 1627 540 1704 reparandam
554 1629 684 1705 injuriam
699 1648 737 1686 ex
749 1629 863 1688 fictione
877 1631 1100 1705 provenientem.

151 1733 221 1786 227.
244 1727 276 1783 Si
290 1745 446 1784 consensus
460 1746 543 1784 verus
560 1728 655 1786 irritus
669 1728 754 1786 fuerit
775 1731 811 1787 ob
826 1728 1064 1805 impedimentum
1085 1732 1201 1788 canoni·

114 1845 188 1894 cum,
205 1844 323 1883 necesse
337 1835 381 1882 est
393 1825 637 1902 dispensationem
651 1836 755 1903 petere,
766 1838 794 1885 et
807 1830 946 1886 interime
959 1829 1035 1886 coitu
1049 1829 1199 1888 abstinere.

112 1925 264 2000 Impetrata
290 1924 504 2000 dispensatione
530 1925 709 1984 renovandus
745 1937 790 1984 est
815 1945 974 1985 consensus
1000 1928 1034 1985 ab
1068 1937 1199 2000 utroque,

113 2042 201 2096 quum
216 2024 292 2080 enim
306 2024 493 2082 laboraverint
507 2025 720 2101 impedimento,
732 2027 885 2099 nequibant
897 2044 1040 2084 consensu
1051 2044 1104 2084 suo
1114 2029 1201 2103 priori

112 2131 286 2180 contractum
306 2121 429 2190 efficere,
445 2132 473 2180 et
494 2133 512 2159 “
523 2142 579 2181 non
593 2125 720 2182 firmatur
734 2133 820 2182 tractu
843 2126 980 2202 temporis
995 2124 1071 2198 quod
1084 2123 1118 2183 de
1134 2127 1200 2203 jure

113 2222 147 2279 ab
169 2222 248 2278 initio
271 2239 328 2278 nou
348 2214 528 2279 subsistit.”³
568 2222 652 2288 Quod
678 2223 703 2280 si
726 2242 763 2281 ex
780 2222 882 2282 delicto
903 2225 1013 2282 occulto
1040 2224 1199 2284 alterutrius

113 2330 203 2378 ortum
219 2321 255 2377 sit
264 2319 511 2395 impedimentum,
520 2322 672 2392 requiritur
684 2331 714 2378 ut
727 2322 796 2379 alter
808 2321 957 2400 conjuxde
965 2323 1089 2380 nullitate
1098 2326 1200 2401 prioris

113 2437 271 2477 consensus
286 2419 388 2476 certior
400 2418 457 2485 fiat,
472 2418 522 2475 sed
536 2419 574 2474 ita
593 2428 673 2474 caute
687 2425 718 2475 ut
731 2418 867 2477 delictum
885 2440 1026 2493 nusquam
1047 2421 1200 2498 detegatur.

117 2517 188 2575 Haec
202 2517 336 2585 conditio,
351 2535 414 2589 quoe
428 2534 541 2592 semper
554 2516 703 2592 apponitur
715 2515 931 2592 dispensationi,
941 2519 1198 2597 nititurprincipio,

112 2617 188 2689 quod
202 2634 359 2674 consensus
377 2616 463 2673 simul
476 2615 652 2691 praestandus
666 2622 709 2670 est
722 2615 756 2672 ab
769 2615 890 2684 idoneis,
906 2617 1005 2688 quales
1016 2633 1074 2674 non
1087 2617 1200 2677 fuerunt

112 2715 178 2773 dum
193 2714 430 2791 impedimentum
444 2715 584 2772 obstaret:
600 2732 759 2773 consensus
774 2724 866 2774 autem
881 2717 930 2788 qui
943 2735 980 2773 ex
993 2716 1198 2776 consuetudine

112 2814 231 2872 maritali
245 2814 397 2890 colligitur,
411 2832 452 2870 ex
464 2830 558 2871 errore
577 2815 675 2881 oritur,
691 2812 768 2884 quod
788 2815 866 2890 prior
879 2832 1037 2872 consensus
1052 2825 1199 2875 censeatur

112 2913 215 2970 valere.
258 2910 403 2970 Caeterum
425 2913 450 2970 si
470 2912 531 2969 haee
551 2911 676 2970 conditio
697 2922 820 2985 nequeat
831 2913 955 2990 impleri,
969 2923 1087 2972 censent
1101 2914 1197 2989 plures

111 3011 242 3068 sufficere
262 3020 293 3067 ut
312 3030 377 3088 pars
401 3013 514 3069 conseia
538 3010 734 3086 impedimenti
748 3030 847 3069 verum
867 3020 954 3088 ponat
972 3030 1155 3082 consensum,
1170 3023 1199 3072 et

112 3111 243 3185 copulam
256 3108 358 3166 habeat
370 3109 473 3167 affectu
489 3110 628 3168 maritali:
644 3111 673 3168 in
687 3111 854 3184 gravissima
866 3112 943 3168 enim
962 3130 1055 3169 rerum
1077 3110 1198 3170 difficul-

111 3217 164 3266 tate
179 3207 403 3266 censetursedes
416 3207 582 3284 Apostolica
595 3209 721 3266 relaxare
743 3209 816 3267 hanc
830 3208 1033 3278 conditionem,
1048 3228 1083 3266 ne
1098 3211 1198 3269 anima
1232 3252 1238 3264 .

111 3306 258 3365 intereant.
310 3307 429 3373 Quoties
456 3309 626 3383 prenitentes
653 3306 729 3364 haud
749 3309 928 3384 suspicantur
952 3308 1197 3387 impedimentum,

111 3415 225 3480 praestat
243 3424 293 3463 eos
313 3407 343 3463 in
362 3405 511 3463 bonafide
533 3407 706 3479 relinquere,
722 3405 812 3465 donee
831 3408 1010 3484 dispensatio
1028 3409 1197 3476 obtineatur,

111 3505 189 3562 salvo
203 3504 296 3580 sigillo
317 3504 516 3571 confessionis
531 3515 559 3562 et
581 3507 605 3563 si
623 3505 773 3563 difficultas
795 3505 951 3565 renovandi
971 3525 1128 3565 consensus
1148 3509 1198 3566 vix

109 3603 267 3678 superanda
280 3604 417 3671 videatur,
433 3613 548 3679 praestat
561 3603 652 3661 adhuc
673 3597 785 3661 silere.⁴
816 3605 911 3662 Docet
922 3603 1038 3676 quidem
1060 3604 1198 3662 Benedic-

111 3708 154 3758 tus
168 3701 253 3758 XIV.
275 3701 426 3759 Summum
448 3701 618 3758 Pontificem
632 3717 719 3775 posse
733 3700 898 3774 dispensare
911 3703 941 3759 in
954 3702 1059 3767 radice,
1071 3702 1196 3759 tollendo

110 3798 316 3876 impedimento
330 3798 533 3866 ecclesiastico,
549 3796 625 3868 quod
638 3798 721 3855 unice
735 3797 861 3855 obstabat
874 3817 909 3857 ne
930 3816 1087 3856 consensus
1107 3799 1196 3857 libere

112 3896 192 3956 datus
205 3900 264 3956 vim
278 3917 359 3958 suam
373 3898 407 3954 ab
420 3898 501 3955 initio
514 3888 679 3954 obtineret.⁵

180 4119 223 4185 (l)
242 4115 531 4186 O.ii.deecnjug.sero.
734 4117 776 4181 (2)
797 4114 825 4164 Ο.
839 4113 879 4164 Ad
891 4113 916 4163 id
926 4113 978 4163 xxi.
986 4112 1015 4164 de
1024 4111 1133 4181 munel

180 4206 223 4270 (3)
244 4203 304 4266 Reg.
311 4204 360 4268 jur.
370 4203 475 4253 xviii.in
487 4205 510 4250 6.
730 4201 772 4266 (t)
791 4198 854 4249 Vide
864 4197 1131 4266 eupdcoomuogua‘n.

180 4289 223 4355 (5)
243 4287 348 4337 Constit.
358 4291 391 4337 27
403 4287 470 4353 Sept.
484 4289 557 4336 1755.
569 4284 663 4336 Bullar.
675 4290 693 4333 t.
704 4283 738 4335 iv.
