2640 4860
377 352 435 415 DE
455 351 602 415 FORMA
620 351 832 417 BAPTISMI.
1109 361 1148 417 33

54 519 167 589 Patris,
182 530 212 579 et
224 519 303 589 Filii,
315 528 344 581 et
353 519 479 598 Spiritus
492 519 622 580 Sancti.”
651 520 685 580 Si
697 537 805 582 nomen
817 520 982 598 baptizandi
994 522 1148 593 omittatur,

51 619 99 682 nil
113 618 207 679 officit
218 619 309 679 valeri
328 628 425 688 actus;
444 638 528 679 secus
541 621 567 681 si
586 639 747 698 pronomen
759 640 819 682 uon
838 619 1012 691 adhibeatn,
1025 621 1073 681 vei
1091 641 1149 683 vox

53 717 114 776 alia
128 736 193 792 que
207 717 341 798 designat
357 717 577 796 baptizandum:
598 738 663 779 narn
683 738 770 780 voces
789 729 916 780 ceterae:
937 728 1013 799 ‘ego
1030 721 1149 799 baptizo

52 818 86 877 in
100 817 222 880 nornine
235 818 340 886 Patris,
350 817 415 877 eto!
429 817 676 886 consuetudinem,
687 821 783 897 potius
797 838 884 894 quam
897 829 1003 888 actum,
1012 819 1147 882 indicant.

51 916 88 975 Si
98 935 264 994 pronomen
274 915 349 994 ‘ego’
361 918 514 985 omittatur,
522 918 563 978 nil
571 920 680 987 obstat3
695 937 762 979 nam
772 917 914 997 ‘baptizo‘
925 919 1006 978 suus
1019 918 1149 998 designat

52 1016 260 1092 baptizantem,
274 1035 334 1078 nou
347 1016 387 1074 ita
397 1035 465 1076 vero
485 1017 607 1095 Anglica
620 1035 687 1087 vox,
708 1017 867 1096 ‘baptism’
881 1035 945 1091 que
957 1018 1046 1078 instar
1057 1019 1148 1098 impe·
1222 1065 1226 1075 .

53 1116 144 1174 rantis
158 1115 288 1177 videtur:
309 1125 482 1193 quapropter
501 1135 560 1177 non
579 1117 686 1176 valeret
703 1117 862 1195 baptismus
876 1117 999 1194 Anglico
1012 1135 1147 1179 sermone

55 1213 196 1284 adhibito,
216 1216 242 1275 si
267 1233 427 1292 pronomen
452 1217 638 1276 omitteretur.
679 1215 798 1276 Valeret
821 1227 926 1284 summ,
950 1217 1004 1276 etsi
1028 1236 1148 1277 numero

56 1314 183 1388 plurium
195 1323 389 1392 usurparetur,
403 1333 441 1373 ex
454 1313 659 1378 consuetudine
672 1333 731 1389 qua
748 1315 883 1393 dignitate
896 1315 972 1374 aucti
982 1315 1147 1388 loquuntur,

57 1429 121 1471 nam
135 1431 175 1473 ex
188 1407 336 1477 communi
349 1414 501 1475 homiuum
514 1432 611 1483 sensu,
624 1414 800 1492 singularem
819 1431 973 1493 personam
993 1414 1146 1474 iudicaret:

58 1511 132 1584 quod
145 1530 183 1572 eo
196 1513 289 1592 magis
308 1511 459 1573 dicendum
473 1513 510 1576 de
523 1531 594 1574 voce
613 1513 751 1591 Anglioa:
773 1514 905 1595 “your’'
920 1532 983 1587 que
996 1514 1147 1592 singularis

59 1613 170 1672 numeri
191 1613 250 1671 vim
270 1631 307 1672 ex
333 1631 388 1671 usu
407 1610 501 1673 habet.
552 1611 640 1681 Quod
659 1614 685 1672 si
704 1613 802 1690 plures
821 1613 908 1673 simul
927 1612 1148 1690 aggrederentur

59 1709 180 1782 aliquem
190 1711 345 1789 baptizare,
354 1710 495 1772 dicendo:
511 1712 633 1771 “Noste
646 1712 824 1788 baptizamus
834 1711 864 1780 ;''
878 1711 962 1772 docet
971 1712 1004 1770 S.
1016 1712 1147 1774 Thomas

60 1809 96 1866 nil
108 1810 234 1870 confici:
263 1811 330 1884 quia
352 1819 420 1873 “ex
433 1811 483 1876 tali
502 1812 605 1879 forma,
627 1820 673 1869 ‘te
686 1809 874 1888 baptizamus’
896 1811 1065 1889 exprimitur
1084 1811 1147 1870 talis

59 1908 186 1978 intentio,
200 1909 278 1984 quod
288 1910 384 1987 plures
395 1911 566 1971 conveniant
579 1909 613 1968 ad
626 1928 716 1969 unum
728 1909 901 1987 baptismum
921 1908 1146 1970 conferendum:

59 2009 132 2080 quod
153 2008 271 2082 quidem
291 2009 486 2070 videturesse
506 2021 605 2070 contra
617 2008 757 2069 rationem
777 2008 945 2068 ministerii:
967 2007 1057 2068 horno
1070 2008 1147 2067 enirn

58 2124 112 2169 non
132 2110 271 2186 baptizat,
285 2110 342 2169 nisi
354 2118 385 2171 ut
403 2110 532 2171 minister
553 2109 674 2178 Christi,
688 2118 717 2168 et
734 2109 828 2168 ricem
844 2109 908 2188 ejus
928 2125 1050 2186 gerens:
1072 2106 1148 2167 unde

57 2207 128 2267 sicut
152 2226 229 2269 unus
251 2218 296 2267 est
321 2207 465 2278 Christus,
494 2211 533 2269 ita
554 2217 666 2287 oportet
691 2226 756 2269 esse
784 2226 876 2269 unum
900 2208 1073 2276 ministrum,
1097 2207 1147 2282 qui

57 2303 206 2371 christum
218 2316 416 2384 representet:
438 2309 643 2388 propterquod
656 2309 803 2388 signanter
816 2308 973 2386 Apostolus
986 2307 1055 2368 dieit
1066 2306 1147 2385 Eph.

57 2405 92 2463 iv.
136 2415 145 2442 ‘
157 2405 242 2470 Unus
256 2404 411 2477 Dominus,
425 2426 485 2468 una
495 2406 578 2477 fides,
592 2426 683 2468 unum
695 2406 863 2486 baptisma:'
884 2418 914 2467 et
925 2406 990 2468 ideo
1008 2407 1149 2468 contrane

57 2505 175 2564 intentio
188 2506 300 2566 videtur
312 2506 465 2566 excludere
484 2508 619 2586 baptismi
635 2516 853 2567 sacramentum.
896 2507 930 2564 Si
942 2525 1011 2568 vero
1023 2516 1148 2580 uterque

56 2604 177 2664 diceret:
201 2605 288 2684 ‘Ego
313 2615 340 2666 te
365 2606 530 2685 baptizoiu
555 2609 672 2668 nomine
695 2607 800 2674 Patris,
821 2615 850 2664 et
870 2605 949 2674 Filii,
969 2615 998 2663 et
1019 2605 1146 2681 Spiritus

55 2705 154 2764 Sancti
163 2705 184 2760 τ’
211 2715 331 2777 uterque
348 2707 524 2781 exprimeret
542 2719 625 2763 suam
644 2707 844 2770 intentionem,
865 2704 949 2776 quasi
968 2704 1032 2781 ipse
1050 2703 1148 2781 siugu-

54 2803 149 2865 lariter
163 2802 338 2880 baptismum
350 2803 508 2864 conferret:
529 2802 607 2877 quod
627 2811 727 2882 posset
745 2803 910 2878 contingere
923 2800 1003 2862 ineo
1022 2820 1103 2872 casu,
1117 2804 1149 2863 in

56 2920 111 2976 qno
124 2903 304 2962 contentiose
317 2911 437 2976 uterque
450 2902 574 2975 aliquem
588 2902 733 2978 baptizare
746 2909 913 2959 conaretur:
934 2908 963 2958 et
977 2909 1045 2960 tunc
1057 2903 1148 2962 mani·

56 3001 158 3062 festum
184 3011 239 3071 est,
266 3001 344 3076 quod
368 3002 428 3070 ille,
450 3003 500 3076 qui
526 3001 604 3079 prius
630 3002 718 3059 verba
743 2997 890 3077 proferret,
907 2996 987 3058 daret
1010 2998 1147 3076 baptismi

56 3111 281 3163 sacramentum:
310 3099 382 3161 alius
402 3119 470 3161 vero
483 3108 747 3175 quantumcumque
768 3099 818 3176 jus
838 3097 1003 3176 baptizandi
1021 3098 1147 3169 haberet,

55 3200 127 3261 nihil
146 3180 305 3270 iacerenet
316 3200 342 3258 si
361 3201 445 3260 verba
463 3201 646 3279 pronuntiare
667 3207 863 3277 presumeret,
885 3207 963 3258 esset
981 3199 1146 3276 puniendus

55 3309 199 3374 tamquam
206 3299 407 3378 rebaptizator.
422 3299 455 3359 Si
464 3309 559 3362 autern
569 3300 686 3359 omnino
695 3298 874 3359 simulambo
883 3297 1146 3377 verbaproferrent‚

53 3409 81 3457 et
92 3399 244 3461 hominem
263 3400 467 3477 immergerent
478 3408 526 3458 aut
545 3409 737 3476 aspergerent,
751 3407 849 3457 essent
866 3398 1005 3476 puniendi
1018 3397 1054 3457 de
1068 3399 1144 3460 inor·

55 3496 151 3557 dinato
164 3497 253 3559 modo
265 3498 439 3576 baptizandi,
449 3493 481 3558 el
491 3517 551 3558 nou
563 3495 600 3555 de
611 3499 760 3558 iteratione
772 3498 908 3576 baptismi
920 3517 928 3556 r
948 3499 1017 3572 quia
1028 3507 1147 3572 uterque

56 3597 216 3658 intenderet
227 3616 287 3659 non
300 3598 474 3675 baptizatum
486 3597 652 3676 baptizare:
673 3606 703 3657 et
714 3607 843 3671 uterque,
858 3606 996 3673 quantum
1009 3597 1038 3656 in
1051 3616 1084 3656 se
1094 3606 1147 3665 est,

55 3697 220 3774 baptizaret.
255 3697 320 3759 Nec
328 3696 470 3757 traderent
479 3695 593 3760 aliudet
602 3696 678 3756 aliud
687 3689 915 3757 sacramentumr
936 3696 988 3755 sed
1000 3694 1145 3763 Christus,

55 3798 103 3870 qui
122 3807 168 3857 est
185 3815 273 3866 unus,
287 3796 406 3860 interius
424 3798 583 3875 baptizans,
597 3815 687 3857 unum
707 3804 915 3856 sacramentum
928 3813 980 3872 per
992 3803 1145 3866 utrumque

56 3892 246 3957 eont“erret.‘'1
286 3896 320 3956 Si
332 3896 480 3973 baptisans
493 3895 616 3964 diceret;
636 3895 759 3975 baptizo
778 3901 911 3961 uestrum
930 3889 1125 3953 altitudinem
1131 3913 1145 3962 ,-

56 3993 99 4052 rel
114 3996 204 4059 alium
226 4004 378 4074 usurparet
398 3997 526 4066 titulum„
542 4014 595 4074 pro
614 3995 715 4055 sarculi
734 4011 826 4061 more,
846 3991 953 4051 valeret
973 3990 1143 4068 baptismus,

55 4097 182 4166 quanvis
195 4105 330 4174 peccaret
347 4114 421 4155 vana
431 4095 479 4156 illa
499 4095 664 4156 motatione.
706 4093 740 4152 Si
758 4090 924 4169 praepositio
935 4090 971 4151 in
989 4091 1143 4159 omittatur,

366 4304 409 4370 (l)
427 4302 461 4352 iii.
472 4317 496 4367 p.
508 4317 548 4366 qu.
560 4301 626 4352 lxvii.
638 4306 681 4350 art·
692 4298 724 4348 vi.
759 4297 835 4364 Κεφ.
