2640 4860
863 174 884 231 .·
909 168 935 225 ³,

183 374 240 431 100
510 356 570 421 DE
587 352 941 507 ΙΑΉὸΡΔεΤΙΟΝΕ.

181 552 279 595 eorum
292 530 441 589 utilitatem
462 527 549 595 cedit,
563 527 678 586 facienti
689 526 774 591 vahla
784 527 914 607 prodest,
926 538 956 587 et
974 530 1171 591 satisfaciendi
1189 532 1260 592 habet

180 638 250 699 vim,
264 648 346 704 teque
361 649 394 688 ac
408 630 464 687 alia
476 628 589 705 pietatis
603 644 703 703 opera.
1281 644 1284 651 ¹

222 736 288 791 toa.
310 728 410 788 Potest
422 730 508 786 edam
521 727 673 799 aliquando
692 725 842 805 injungere
861 727 1058 787 confessarius
1073 732 1227 806 poenitenti,
1238 743 1263 789 nt

179 834 320 891 abstineat
333 849 350 885 a
361 826 574 894 communione,
590 826 635 883 vel
649 827 705 889 alio
715 828 828 905 pietatis
839 827 988 894 exercitio,
996 829 1114 902 quando
1124 831 1265 906 prohibitio

180 933 242 990 hnc
255 933 283 989 ei
297 928 443 1005 profutura
450 939 504 993 est,
518 936 549 983 et
559 925 667 985 nullam
678 934 776 1007 ptam
789 926 926 985 allatura:
940 944 1025 985 secus
1039 929 1066 986 si
1079 929 1110 986 in
1123 930 1186 1007 ejus
1197 928 1264 989 dm]-

181 1051 261 1097 num,
276 1029 321 1087 vel
335 1027 417 1085 famae
430 1024 624 1103 dispendium,
639 1036 813 1085 verteretur:
835 1024 898 1084 rard
912 1036 1008 1084 autem
1021 1028 1150 1104 expedit.

224 1135 292 1189 10³.
314 1127 497 1186 Medicinelis
512 1125 654 1201 imprimis
668 1126 833 1201 poenitentia
845 1123 1023 1200 imponenda
1035 1137 1089 1193 est,
1104 1145 1162 1200 qua
1174 1127 1264 1185 anime

179 1242 295 1289 sanetur
307 1226 466 1286 infirmitas.
489 1234 509 1260 “
519 1223 685 1283 Contrarias
699 1227 825 1301 peccatis
838 1222 1022 1301 penitentias
1044 1226 1176 1304 injungat
1189 1232 1264 1303 (con-

169 1326 358 1411 fessarius)
382 1325 458 1383 velut
479 1325 571 1381 avaris
589 1312 978 1400 eloemosynqlibiffinsis
991 1323 1118 1401 jejunia,
1139 1326 1186 1383 vel
1205 1326 1266 1383 alias

180 1431 274 1488 earnis
288 1425 467 1490 afflictiones,
481 1422 612 1500 superbis
634 1423 802 1485 humilitati!
819 1420 926 1491 officis,
938 1421 1095 1482 desidiosis
1114 1425 1281 1486 devotionis.

181 1527 304 1588 studia.”
346 1524 389 1584 lta
398 1524 556 1600 praescribit
565 1522 678 1580 Rituale
687 1522 860 1581 Romanum.
893 1522 1014 1580 Pietatis
1027 1525 1177 1592 exercitia,
1189 1525 1267 1583 bono·

180 1648 242 1687 rum
255 1628 389 1685 librorum
403 1623 497 1689 lectio,
510 1641 604 1680 rerum
628 1632 796 1681 eternamm
810 1621 965 1690 meditatio,
979 1640 1106 1683 examen
1125 1625 1266 1683 conscien-

180 1730 225 1787 tiae
246 1724 453 1797 quotidianum,
468 1731 707 1780 sacramentorum
730 1722 876 1799 susceptio
903 1721 1049 1795 frequens,
1073 1724 1143 1801 fuga
1167 1725 1227 1792 otii,
1243 1733 1268 1781 et

180 1826 363 1885 occasionum
378 1824 496 1900 peccati,
510 1820 654 1880 consessio
670 1820 811 1899 generalis
824 1839 928 1888 annua,
942 1832 971 1878 et
983 1840 1068 1881 sacer
1080 1841 1215 1882 secessus
1223 1842 1268 1900 per

181 1926 288 1998 aliquot
299 1924 371 1989 dies,
388 1924 461 1980 inter
473 1921 631 1998 precipuas
646 1922 747 1979 animm
760 1920 917 1979 medicinas
930 1932 1126 1980 recensentur.
1172 1922 1265 1981 Oratio

180 2027 253 2083 inter
261 2022 434 2100 poenitentioe
448 2039 536 2096 opera
543 2029 716 2077 recensetur:
733 2030 752 2056 ‘⁶
763 2019 1027 2092 quelibetoratio,”
1039 2022 1079 2080 ait
1089 2022 1122 2080 S.
1132 2022 1269 2090 Thomas,

179 2123 264 2182 habet
276 2123 414 2180 rationem
434 2118 652 2177 satisfactionis:
668 2120 735 2191 quia
747 2120 878 2193 quamvis
899 2119 985 2177 habet
996 2122 1170 2181 suavitatem
1191 2123 1269 2200 spiri·

179 2234 234 2288 tus,
248 2221 333 2278 habet
344 2230 439 2277 tamen
458 2215 640 2276 afflictionem
661 2219 775 2276 carnis:
797 2220 866 2290 quia
878 2229 909 2278 ut
921 2217 989 2277 dicit
1002 2219 1165 2298 Gregorius
1186 2241 1268 2300 super

179 2317 385 2377 Ezechielem:
408 2316 516 2373 “Dum
533 2317 636 2375 crescit
655 2317 683 2373 in
696 2317 780 2375 nobis
800 2317 935 2376 fortitudo
955 2320 1060 2378 amoris
1075 2322 1183 2388 intimi,
1198 2321 1268 2381 infir·

180 2429 271 2477 matur
284 2417 384 2495 procul
398 2416 486 2475 dubio
500 2415 634 2473 fortitudo
653 2409 797 2475 carnis.”¹
829 2418 961 2476 Ebriosis
984 2418 1197 2496 injungendum
1217 2431 1266 2487 est,

180 2532 211 2577 ut
224 2520 258 2576 ab
270 2518 349 2577 omni
364 2528 432 2594 potu
446 2516 494 2590 qui
516 2517 654 2575 inebriare
668 2517 769 2594 possit,
783 2535 815 2574 se
833 2517 1009 2575 abstineant:
1033 2519 1083 2577 vix
1107 2521 1185 2579 enim
1206 2521 1270 2579 alias

183 2638 296 2696 pravam
311 2617 545 2677 consuetudinem
559 2617 745 2694 superabunt:
761 2634 813 2674 neo
823 2627 916 2675 tamen
924 2618 1106 2693 oportebitut
1112 2621 1272 2697 juramento

181 2738 212 2778 se
232 2719 267 2777 ad
293 2718 364 2777 illud
386 2717 569 2793 adstringant,
583 2735 619 2774 ne
642 2716 712 2774 forte
730 2715 824 2788 aliqua
843 2717 1010 2785 relabentes,
1025 2717 1055 2775 in
1078 2723 1164 2798 pejus
1184 2728 1271 2777 ruant.

180 2819 328 2897 Jejunium
352 2818 462 2877 libidini
483 2815 631 2874 domandae
645 2815 771 2882 inservit,
787 2815 863 2888 quod
883 2816 990 2874 idcirco
1010 2817 1068 2875 reis
1091 2818 1273 2895 impudicitiae

181 2921 363 2995 prescribere
377 2927 506 2995 oportet:
528 2916 580 2974 sed
593 2934 681 2989 quum
702 2914 829 2991 plerique
850 2916 879 2974 in
902 2915 955 2975 hac
975 2916 1093 2993 regione
1114 2918 1273 2977 durioribus

181 3019 324 3078 laboribus
339 3030 449 3085 vacent,
465 3016 509 3075 vel
525 3017 593 3074 alias
608 3036 624 3072 a
641 3015 754 3093 jejunio
767 3034 799 3072 se
818 3025 968 3082 excusent,
982 3034 1040 3074 non
1054 3026 1216 3079 esttenete
1230 3019 1271 3077 in·

176 3119 368 3196 jungendum,
383 3138 419 3177 ne
434 3117 601 3194 negligatur,
617 3124 749 3173 monente
767 3114 799 3172 S.
814 3115 980 3173 Antonino:
1005 3122 1023 3150 ‘⁶
1033 3114 1119 3175 debet
1131 3120 1273 3179 consessa·

182 3219 240 3274 rius
249 3218 314 3275 dare
329 3217 413 3274 talem
428 3216 633 3292 poenitentiam,
646 3234 731 3288 quam
743 3214 894 3273 credatver
908 3214 1037 3273 similiter
1046 3215 1129 3276 illum
1140 3218 1268 3295 implere;

181 3332 217 3372 ne
230 3316 321 3390 ipsam
337 3314 479 3381 violando,
494 3314 617 3372 deterius
630 3315 658 3372 ei
670 3306 865 3390 contingat.''²
883 3314 948 3372 Alia
961 3302 1129 3374 humilitatis
1144 3328 1173 3375 et
1186 3317 1272 3394 poeni·

182 3414 275 3470 tentiae
293 3414 437 3479 exercitia,
453 3431 516 3484 quae
536 3413 622 3470 nimis
637 3433 653 3470 a
667 3413 794 3470 moribus
808 3414 984 3482 nostratium,
999 3424 1028 3472 et
1047 3433 1063 3471 a
1086 3417 1198 3475 ratione
1212 3436 1272 3475 sen·

181 3511 267 3569 tiendi
281 3512 352 3588 ipsis
374 3513 531 3578 communi,
546 3511 709 3580 abhorrent,
724 3532 751 3569 v:
763 3531 792 3589 g:
808 3524 839 3571 ut
852 3513 1036 3589 blasphemus
1050 3523 1154 3574 terram
1176 3518 1271 3593 lingua

180 3612 295 3678 lambat,
310 3620 341 3670 nt
352 3611 515 3670 luxuriosus
530 3610 649 3689 flagellis
671 3611 861 3671 domesticum
882 3614 994 3671 hostem
1019 3617 1199 3690 comprimat,
1215 3635 1269 3674 non

181 3725 248 3771 sunt
267 3713 348 3771 facile
368 3711 554 3790 injungenda.
589 3712 624 3771 ln
644 3714 829 3788 eleemosyna
853 3712 1041 3780 decernenda,
1054 3714 1217 3774 cavendum
1236 3733 1270 3773 ne

180 3812 275 3887 aliqua
285 3815 322 3871 sit
335 3813 423 3889 turpis
437 3811 508 3870 lucri
522 3812 665 3889 cupidinis
679 3813 808 3889 speeies;
824 3822 997 3888 quapropter
1017 3831 1175 3886 numquam
1189 3814 1271 3873 debat

179 3913 370 3973 confessarius
390 3914 419 3972 in
433 3931 465 3972 se
478 3915 625 3991 suscipere
638 3913 700 3989 ejus
723 3911 923 3969 distribuenda
937 3930 1021 3980 onus,
1036 3911 1088 3969 sed
1109 3914 1269 3990 prenitentis

180 4012 340 4086 relinquere
360 4014 493 4072 arbitrio:
514 4032 577 4072 raro
600 4011 716 4085 quidem
737 4011 893 4088 injungitur
913 4029 991 4068 mera
1010 4012 1208 4091 eleemosyna,
1223 4012 1270 4071 sed

180 4109 348 4184 plerumque
367 4113 485 4189 justitiae
505 4112 670 4190 obligationi
692 4110 923 4170 satisfaciendum
945 4122 998 4168 est.
1041 4111 1187 4185 Quicquid
1207 4130 1269 4171 vere
1310 4168 1313 4173 .

215 4328 258 4392 (l)
278 4328 438 4396 SuppLiiip.
450 4347 543 4393 qu.xv.
555 4334 644 4384 artiii.
823 4334 865 4401 (2)
884 4332 1046 4398 lll.pert.tit,
1060 4333 1239 4399 aripenni.
