2640 4860
169 401 229 457 20⁰
546 392 689 454 CAPUT
709 391 893 454 unicurt.

172 572 339 622 rantur...
362 560 395 618 Si
422 577 490 618 vero
515 561 649 619 nonnisi
669 571 735 638 post
758 578 864 619 annum
890 579 908 617 a
926 561 1113 636 susceptione
1132 561 1253 637 postremi

170 660 275 738 gradus
290 660 432 717 minorum
448 657 579 719 ordinum
602 658 637 717 ad
658 678 754 718 sacros
775 657 889 718 ordines
902 670 1137 735 promoveantur,
1152 659 1205 718 nisi
1216 676 1254 716 ne·

171 761 301 825 cessitas,
317 769 365 816 aut
378 758 519 817 Ecclesiae
534 759 649 826 utilitas,
667 757 777 835 judicio
797 757 938 835 episcopi,
953 756 1031 818 aliud
1045 767 1194 835 exposcat.
1208 800 1215 814 .
1228 799 1255 814 ..

173 858 302 917 Promoti
317 856 352 914 ad
366 876 479 916 sacrum
499 857 721 917 subdiaconatus
741 856 883 926 ordinem,
898 857 924 914 si
936 875 988 933 per
1000 875 1108 916 annum
1122 858 1220 916 saltem
1232 858 1257 914 in

174 975 282 1017 eonon
296 957 355 1014 sint
367 957 481 1023 versati,
506 956 541 1015 ad
562 956 688 1015 altiorem
709 955 838 1034 gradum,
852 957 910 1015 nisi
932 955 1009 1014 aliud
1022 957 1163 1034 episcopo
1176 955 1260 1013 videa·

174 1068 228 1123 tur,
250 1056 405 1115 ascendere
426 1074 484 1115 nou
505 1054 752 1132 permittantur.”.
768 1096 775 1112 .
789 1096 796 1113 .
812 1054 887 1114 “Ad
900 1055 1123 1132 Presbyteratus
1138 1054 1260 1114 ordinem

175 1166 378 1213 assumuntur.
394 1196 401 1212 .
419 1196 426 1211 .
442 1155 510 1228 qui.
527 1195 534 1211 .
552 1154 580 1212 in
593 1153 742 1212 diaconatu
762 1153 797 1210 ad
811 1156 907 1213 minus
922 1172 1029 1212 annum
1044 1154 1199 1233 integrum,
1212 1153 1260 1212 nisi

173 1256 211 1315 ob
232 1253 372 1312 Ecclesiae
392 1254 552 1321 utilitatem,
568 1272 600 1311 ac
624 1253 835 1320 necessitatem,
856 1253 932 1312 aliud
952 1254 1094 1330 episcopo
1115 1253 1263 1319 videretur,

173 1348 443 1412 ministraverint.”¹
484 1352 557 1410 Haec
583 1351 618 1410 de
648 1349 780 1410 ordinum
806 1353 963 1411 interstitiis
990 1355 1090 1410 statuit
1115 1353 1264 1412 concilium

173 1451 387 1517 Tridentinum,
398 1450 511 1528 judicio
524 1451 724 1528 episcoporum
739 1470 773 1509 ea
786 1452 964 1528 permittens.
1006 1451 1141 1512 Minores
1154 1451 1264 1511 ordines

168 1551 270 1610 dantur
290 1551 324 1608 iis
346 1550 396 1622 qui
410 1550 516 1610 bonum
536 1550 729 1609 testimonium
744 1570 760 1608 a
773 1552 899 1627 parocho
913 1558 942 1609 et
954 1550 1062 1627 magist
1072 1570 1104 1610 ro
1119 1552 1225 1611 scholae
1240 1552 1267 1608 in

169 1670 227 1724 qua
238 1649 393 1708 educantur
405 1648 521 1708 habent.

215 1752 264 1806 at.
286 1747 397 1806 Eorum
411 1750 461 1822 qui
475 1748 511 1808 ad
526 1766 623 1807 sacros
636 1746 750 1807 ordines
764 1759 830 1807 sunt
843 1747 1007 1807 assumendi
1021 1751 1141 1809 nomina
1155 1759 1220 1808 sunt
1236 1750 1263 1807 in

148 1874 152 1881 ·
175 1847 301 1906 ecclesia
310 1846 465 1915 recitanda,
475 1847 552 1921 quod
565 1848 637 1905 solet
646 1847 708 1906 fieri
722 1858 763 1905 ter
770 1848 870 1906 diebus
880 1847 1044 1915 dominicis,
1052 1848 1100 1906 vel
1109 1849 1201 1916 sestis,
1210 1858 1267 1906 ante

173 1946 393 2013 ordinationem,
408 1957 439 2003 ut
450 1946 486 2004 de
499 1965 598 2005 eorum
609 1947 756 2013 natalibus,
771 1955 861 2014 atate,
876 1946 1013 2014 moribus,
1028 1948 1126 2005 etvita
1138 1939 1265 2008 constet.2

174 2046 243 2104 Mos
257 2044 304 2102 hic
318 2044 395 2122 apud
406 2063 459 2103 nos
473 2063 532 2103 uon
545 2045 661 2104 obtinet.

215 2148 264 2201 35.
286 2142 409 2201 Ordines
424 2140 547 2219 majores
560 2143 677 2201 nonnisi
691 2152 811 2215 quatuor
823 2144 890 2202 anni
904 2143 1093 2218 temporibus,
1104 2155 1133 2204 et
1147 2146 1265 2204 Sabbata

175 2239 217 2298 cd
233 2238 387 2306 Sitientes,
402 2249 431 2298 et
451 2239 574 2298 Sabbata
594 2240 700 2300 Sancto
720 2242 884 2302 conferendi
903 2251 986 2299 sunt:
1007 2242 1125 2301 ordines
1145 2247 1264 2303 minores

175 2336 303 2409 qualibet
315 2336 362 2395 die
382 2336 548 2406 Dominica,
562 2347 591 2395 et
613 2339 686 2397 sesto
701 2338 818 2417 duplici,
832 2341 868 2400 de
887 2349 1031 2417 praecepto
1058 2338 1184 2401 tamen.⁸
1215 2341 1268 2400 Sed

174 2436 321 2512 episeopis
335 2435 536 2495 soederatarum
551 2438 761 2514 provinciarum
775 2439 938 2518 indulgetur
951 2451 983 2496 ut
996 2438 1113 2498 ordines
1127 2442 1267 2501 conferant

175 2546 257 2594 extra
271 2546 415 2612 tempora:
432 2546 604 2614 quapropter
617 2535 729 2595 videtur
741 2538 828 2597 licere
844 2558 894 2598 eus
915 2538 1045 2596 conferre
1067 2540 1197 2612 quolibet
1215 2541 1265 2607 die,

174 2655 228 2712 pro
244 2654 328 2708 aequo
341 2636 471 2713 episcopi
491 2637 615 2694 arbitrio.
657 2636 851 2714 Episcopatus
871 2638 986 2696 nonnisi
1001 2638 1127 2696 infestis
1149 2641 1266 2718 Aposto-

175 2735 278 2802 lorum,
299 2735 345 2793 vel
358 2735 405 2793 die
419 2734 584 2802 Dominica,
599 2735 790 2794 conserendus
804 2747 857 2794 est.

215 2838 264 2892 36.
286 2835 318 2892 Si
338 2835 493 2912 episcopus
518 2835 633 2894 ordines
660 2834 811 2893 collaturus
837 2844 1009 2912 protestetur
1034 2855 1066 2894 se
1088 2856 1148 2896 uon
1170 2839 1268 2896 habere

176 2934 362 2992 intentionem
383 2932 533 2992 ordinandi
554 2935 733 3011 irregulares,
748 2936 1024 3002 excommunicatos,
1039 2937 1087 2994 vel
1110 2936 1168 2995 alio
1189 2947 1267 3013 pacto

174 3032 321 3108 indignus,
333 3053 370 3090 ex
384 3035 448 3110 ejus
463 3034 618 3092 intentione
629 3032 814 3110 repetendum
825 3053 889 3091 esse
898 3044 991 3092 utrum
999 3053 1066 3091 vere
1075 3036 1134 3093 sint
1143 3035 1269 3100 ordinati,

176 3129 259 3189 docet
279 3132 455 3190 Benedictus
469 3127 570 3190 xlv!
583 3144 610 3189 et
625 3133 656 3189 S.
673 3132 866 3209 Congregatio
886 3133 990 3208 saepius
1004 3135 1043 3190 ita
1063 3132 1266 3192 determinasse

176 3227 295 3296 dicitur;
311 3230 362 3287 sed
370 3231 536 3307 hujusmodi
546 3233 723 3307 protestatio,
732 3240 761 3288 et
769 3232 934 3290 intentionis
944 3231 1143 3290 determinatio
1157 3233 1269 3291 omnino

175 3327 361 3402 reprobandae
381 3339 456 3395 sunt,
478 3348 544 3386 narn
566 3329 669 3388 dubios
694 3330 803 3388 faciunt
821 3331 945 3398 ordines,
967 3331 1012 3389 vel
1038 3331 1192 3399 invalidos,
1206 3351 1268 3390 curn

176 3443 282 3501 magno
296 3424 424 3484 fidelium
437 3425 615 3486 detrimento.

217 3527 265 3582 37.
288 3524 347 3591 Qui
366 3523 437 3582 duos
458 3544 554 3584 sacros
568 3527 682 3585 ordines
696 3529 798 3587 eodem
812 3528 858 3586 die
872 3528 1000 3603 suscipit,
1019 3529 1139 3588 incurrit
1152 3548 1268 3606 suspen·

131 3652 138 3665 ·
176 3623 289 3682 sionem
303 3625 337 3682 ab
350 3642 448 3683 eorum
462 3625 608 3694 exercitio,
623 3636 652 3684 et
665 3627 697 3683 fit
709 3624 897 3704 irregularis.⁵
929 3627 988 3694 Qui
1000 3627 1030 3684 iu
1044 3629 1164 3686 sabbato
1181 3647 1267 3686 unum

177 3743 287 3783 sacrum
315 3723 444 3784 ordinem
470 3725 639 3802 susciperet,
666 3735 694 3783 et
719 3729 749 3786 in
776 3726 939 3793 Dominica,
967 3727 1133 3785 continuato
1156 3729 1268 3805 jejunio

176 3825 379 3893 ecclesiastico,
394 3826 523 3894 alterurn,
534 3825 649 3884 fictione
659 3826 732 3903 juris
744 3844 794 3884 eos
814 3826 916 3884 eodem
931 3825 976 3883 die
990 3826 1123 3902 suscipit,
1135 3838 1165 3884 et
1178 3827 1267 3885 incur·

177 3924 213 3979 rit
233 3915 495 4000 irregularitatem.⁶
534 3924 568 3983 ld
588 3944 657 3983 vero
679 3943 737 3984 non
763 3923 990 4002 intelligendum,
1012 3925 1128 3997 quaudo
1151 3925 1267 3983 habetur

209 4082 252 4147 (l)
272 4081 337 4131 Sese.
348 4083 417 4133 xxiii.
429 4100 450 4134 c.
462 4083 495 4132 xi
505 4089 529 4132 ct
540 4099 589 4148 seq.
678 4085 720 4150 (2)
740 4083 818 4132 Gonc·
830 4081 898 4132 Tria
910 4081 975 4130 Sese.
986 4081 1055 4130 xxiii.
1067 4097 1121 4146 cap.
1133 4098 1157 4131 v.
1168 4083 1198 4134 ds
1210 4082 1260 4132 Res.

205 4167 248 4230 (3)
268 4168 294 4214 S.
305 4167 380 4232 Alph.
391 4169 407 4217 l.
416 4169 448 4218 ri,
460 4183 486 4219 n.
497 4171 555 4220 794.
670 4171 713 4236 (4)
733 4169 771 4218 Do
783 4168 849 4219 Sacr-
861 4167 930 4218 Miss.
942 4168 1006 4216 Secu
1018 4167 1043 4216 ii.
1055 4171 1078 4227 §.
1091 4171 1132 4217 70.

209 4249 252 4314 (5)
272 4248 302 4298 G.
313 4250 430 4312 Innotuit,
441 4252 472 4303 de
483 4267 509 4302 eo
521 4253 567 4320 qui
572 4252 679 4322 furtive,
691 4261 715 4303 et
727 4255 757 4304 C.
768 4253 879 4316 Litteras,
890 4269 919 4303 ac
928 4251 959 4303 O.
970 4251 1082 4323 Dilectus
1090 4252 1121 4302 ds
1132 4259 1207 4320 temp.
1214 4252 1260 4303 ord

204 4331 246 4396 (ti)
266 4330 377 4394 Litteras,
388 4351 442 4400 sup.
453 4336 493 4385 cit.
