2640 4860
143 363 183 419 ⁴⁴
498 353 556 417 Du
579 352 871 415 unrrtzmums.

100 564 104 569 -
141 540 226 587 aare:
253 517 382 595 quiade
407 517 484 579 sacili
509 517 545 577 ad
571 518 768 578 infidelitatem
791 517 926 587 redirent,
946 535 1053 596 proper
1074 521 1234 583 naturalem

140 614 273 683 laecum
283 618 318 678 ad
332 626 475 696 parentes.
516 618 558 678 Et
570 617 635 678 ideo
648 637 708 678 non
720 618 807 677 habet
817 617 873 678 hoc
886 616 1026 678 Ecclesia
1040 620 1233 690 consuetudo,

140 719 218 797 quod
229 718 282 778 filii
295 716 456 779 infidelium
469 718 565 776 inritis
585 717 750 796 parentibus
768 712 995 795 baptizentur.”²
1035 716 1080 777 lta
1097 719 1234 796 praeclare

140 819 264 881 docem.
276 818 419 878 Thomas.
461 816 584 877 luerim
602 819 667 876 rita
680 816 798 885 scilicet,
814 814 1088 890 “quandocumque
1100 817 1236 879 imminet

140 918 301 997 perieulum
327 926 435 977 certum
460 918 524 977 sive
555 917 719 993 proximum
744 915 780 974 de
806 933 859 974 sua
887 909 1028 983 morte,'’²
1051 917 1235 994 baptizantur

140 1018 249 1092 absque
264 1017 349 1076 ullius
369 1017 484 1096 injuria,
498 1025 526 1074 et
546 1024 723 1076 sacramento
742 1022 854 1073 servata
871 1014 1045 1074 reverentia:
1066 1032 1122 1076 nec
1138 1025 1236 1077 tamen

139 1117 185 1177 vir
206 1117 266 1175 ulla
288 1114 448 1175 adhibenda
466 1124 519 1184 est,
540 1114 586 1172 vel
606 1112 676 1188 quid
695 1113 858 1172 faciendum
884 1133 950 1173 cum
970 1115 1053 1191 gravi
1071 1115 1235 1176 offensione

139 1215 251 1294 populi,
262 1203 451 1305 quum:nemo
465 1221 593 1272 teneatur
603 1212 731 1271 ordinem
746 1213 892 1272 societatis
908 1213 1027 1282 violare,
1037 1223 1067 1272 et
1080 1223 1232 1292 parentum

136 1316 204 1392 jura
216 1314 359 1383 invadere,
373 1312 410 1374 ad
422 1310 645 1372 succurrendum
659 1311 769 1371 inland

180 1417 229 1473 30.
250 1413 460 1474 Hareticorum
473 1411 595 1470 infantes
609 1430 669 1471 non
681 1419 749 1469 sunt
760 1410 857 1469 invitis
871 1411 1035 1488 parentibus
1052 1411 1231 1488 baptizandi,

21 1582 27 1593 ,
140 1530 207 1572 nam
223 1513 290 1591 jura
302 1521 450 1588 parentum
469 1509 650 1579 laederentur,
662 1518 692 1569 et
703 1524 911 1569 sacramentum
926 1510 956 1566 in
976 1509 1134 1570 discrimen
1146 1510 1234 1570 addu-

140 1621 259 1678 ceretur,
267 1612 364 1688 pueris
374 1610 521 1670 inhaeresi
534 1609 699 1669 educandis.
739 1610 829 1686 Igitur
839 1609 1000 1668 nullatenus
1010 1627 1075 1667 mos
1089 1610 1233 1686 gerendus

139 1719 184 1768 est
195 1710 362 1779 nutricibus,
375 1710 401 1767 si
416 1727 479 1783 quar
493 1709 613 1769 infantes
627 1708 663 1768 ad
676 1708 839 1778 ecclesiam,
853 1707 1016 1785 parentibus
1029 1707 1070 1766 nil
1083 1710 1234 1787 suspican-

140 1808 225 1877 tibus,
240 1806 368 1868 deleraut
379 1808 579 1886 baptizandos.

179 1912 229 1967 31.
250 1907 375 1967 Infantes
389 1909 623 1975 acatholicorum,
636 1908 698 1965 sira
711 1905 884 1982 baptismum
896 1905 1076 1981 susceperint
1089 1916 1232 1983 parentas,

139 2007 186 2066 rel
197 2026 255 2067 non
269 2009 459 2083 susceperint,
473 2015 594 2084 possunt
603 2005 740 2081 baptizari
753 2014 854 2081 rogatu
867 2014 1027 2080 parentum,
1039 2005 1065 2063 si
1074 2006 1233 2082 probabilis

139 2105 276 2184 affulgeat
295 2123 363 2182 spes
389 2104 535 2164 catholice
558 2121 658 2162 eorum
678 2097 880 2162 educationis.¹
912 2103 968 2179 ¹Ea
992 2112 1087 2162 autem
1114 2104 1234 2182 affulget

141 2221 222 2279 spes,
244 2203 356 2277 quoties
377 2212 510 2279 parentes
529 2218 699 2280 persuasum
722 2201 828 2261 habent
840 2200 1022 2262 catholicam
1036 2202 1123 2262 tidem
1137 2221 1236 2266 reram

140 2319 215 2369 esse,
230 2319 316 2375 quam
330 2299 463 2376 amplecti
481 2302 513 2359 iu
533 2301 629 2360 animo
651 2300 773 2359 habeut:
796 2301 842 2359 vel
860 2301 961 2360 saltem
975 2300 1011 2359 ad
1031 2320 1095 2361 eam
1110 2303 1234 2379 amplec-

140 2398 253 2459 tendam
280 2399 458 2472 aliquatenus
478 2400 610 2478 dispositi
629 2399 775 2459 videntur:
797 2399 843 2458 vel
861 2401 1027 2477 permittunt
1046 2402 1159 2479 patrino
1185 2401 1233 2461 rel

140 2499 269 2558 matrinae
284 2497 443 2557 Catholicae
464 2500 547 2576 pueri
559 2499 764 2558 iustitutionem
779 2501 809 2557 iu
824 2499 908 2557 rebus
928 2497 1007 2568 fidei,
1030 2510 1059 2558 et
1070 2501 1183 2560 nullum
1195 2519 1228 2559 se

139 2600 251 2658 obicem
271 2599 433 2678 objecturos
453 2599 633 2676 pollicentur,
654 2599 809 2671 quominus
829 2598 910 2674 pueri
929 2597 1017 2656 fidem
1036 2599 1230 2675 profiteantur.

140 2697 221 2758 ldem
243 2697 398 2758 dicendum
420 2716 571 2758 censemus
597 2697 623 2755 si
642 2697 774 2756 alteruter
795 2698 834 2755 sit
856 2696 894 2754 ita
914 2696 1079 2781 dispositus.
1121 2698 1182 2756 Sed
1204 2700 1231 2756 si

139 2807 272 2874 parentes
285 2798 474 2859 ministerium
488 2796 662 2858 sacerdotale
676 2805 782 2873 petant,
796 2795 887 2854 solius
901 2797 1120 2873 opportunitatis
1133 2816 1230 2866 causa,

139 2897 185 2957 vel
216 2897 294 2971 quod
327 2898 497 2975 baptismum
528 2897 721 2957 necessarium
752 2914 817 2955 esse
849 2893 974 2964 credant,
1008 2914 1096 2969 quum
1129 2905 1232 2956 caetera

140 2995 275 3074 pleraque
287 2997 355 3056 fidei
368 2996 501 3075 dogmata
512 2997 652 3076 rejiciant,
673 3005 702 3054 et
714 3015 819 3072 pueros
834 2994 923 3053 velint
936 2995 966 3052 in
977 2994 1082 3053 haeresi
1095 2993 1228 3065 educare,

138 3095 186 3154 uel
198 3094 234 3152 ad
247 3106 357 3155 etatem
371 3106 510 3157 maturam
526 3097 633 3169 absque
653 3095 712 3153 ullo
732 3095 878 3171 religionis
892 3093 1063 3154 documento
1077 3103 1185 3164 tenere,
1199 3105 1232 3154 ut

137 3194 254 3251 liberius
268 3193 462 3265 maturiusque
482 3192 517 3250 de
537 3194 622 3251 rebus
636 3191 703 3250 fidei
719 3191 859 3270 judicent,
881 3201 910 3251 et
929 3203 1034 3252 sectam
1048 3211 1100 3269 pro
1114 3194 1229 3255 arbitrio

138 3291 254 3368 eligant,
269 3308 328 3349 nou
341 3299 474 3366 putamus
493 3289 579 3349 licere
599 3290 721 3349 infantes
741 3292 895 3369 baptizare,
917 3309 1005 3364 quum
1019 3303 1229 3352 sacramentum

139 3389 304 3467 profanetur
322 3387 455 3446 haeretica
474 3389 660 3457 institutione,
681 3390 728 3448 vel
748 3390 923 3459 infidelitate,
945 3391 1014 3451 adeo
1028 3392 1231 3451 verosimiliter

138 3495 279 3546 secutura.
322 3487 353 3545 S.
370 3485 466 3564 (long.
488 3487 599 3560 Inquis.
629 3489 812 3564 Septembris
833 3508 944 3558 mense,
970 3495 1058 3560 1827,
1081 3493 1231 3568 perpensis

139 3605 202 3662 que
216 3585 392 3648 decretorum
415 3585 470 3644 hac
491 3587 525 3645 de
545 3605 576 3644 re
598 3587 824 3649 moderationem
844 3591 996 3666 importare
1014 3590 1185 3650 videbantur
1198 3593 1229 3651 iu

139 3688 256 3749 dloecesi
276 3685 427 3756 Bardensi‚
454 3673 566 3755 censuit
590 3707 607 3744 a
627 3687 746 3747 decretis
772 3707 830 3748 non
850 3706 915 3747 esse
936 3689 1139 3750 recedendum.
1182 3691 1228 3750 De

138 3787 296 3847 infidelium
318 3786 385 3845 filiis
411 3786 522 3846 censuit
541 3786 574 3844 S.
589 3784 782 3866 Oongregatio
802 3788 834 3846 S.
849 3787 1047 3862 Inquisitionis
1061 3789 1107 3850 die
1122 3793 1140 3848 3
1155 3789 1230 3869 Maji

141 3889 230 3957 1703,
258 3895 348 3946 “non
366 3887 464 3957 licere,
485 3887 511 3945 si
532 3884 661 3959 sintsfllii
681 3886 849 3956 infidelium,
870 3888 949 3946 etin
969 3896 1107 3966 potestate
1127 3907 1229 3950 eorum

139 3985 329 4060 relinquendi,
343 3988 457 4048 secluso
470 3996 565 4047 tamen
578 3986 677 4047 mortis
691 3986 869 4047 imminentis
881 3987 1043 4065 periculo.”

209 4218 252 4283 (l)
271 4217 304 4268 iit
316 4234 341 4283 p.
352 4234 393 4283 qu.
404 4223 480 4274 lxviii.
492 4230 535 4274 art.
545 4239 571 4275 x.
605 4224 681 4293 Resp-
805 4224 848 4291 (2)
868 4224 895 4273 S.
906 4225 982 4290 Alph.
994 4226 1010 4276 1.
1021 4225 1054 4277 vi.
1064 4241 1090 4275 n.
1105 4228 1160 4276 las.

489 4309 532 4375 (θ)
551 4309 608 4362 Gau
623 4309 682 4360 xvii.
694 4307 772 4359 Cone.
783 4307 847 4358 Balt.
860 4309 879 4358 l.
