2640 4860
159 330 216 389 162
504 324 561 383 DE
583 322 894 383 OONFESSIONE.

157 494 233 551 sicut
246 499 290 548 est
309 499 415 556 mutos,
429 488 475 549 rel
493 491 543 562 qui
555 498 600 548 est
611 490 725 548 alterins
737 490 852 566 lingue,
866 487 973 546 sufficit
991 486 1069 561 qnod
1089 506 1140 564 per
1151 488 1227 566 scrip·

156 600 226 657 urm,
241 599 288 647 aut
298 606 349 664 per
362 598 472 655 nutum,
487 599 535 647 aut
548 607 599 666 per
612 590 794 665 interpretem
808 587 987 654 confiteatur,
1003 587 1069 660 qnia
1082 605 1140 646 non
1153 589 1241 664 exigi‘

155 700 201 748 tor
213 689 247 746 ab
257 687 375 745 homine
384 688 536 763 plusquam
549 688 657 764 possit.
668 728 695 744 ..
710 686 832 753 Quando
845 705 903 744 non
911 704 1065 762 possumus
1073 704 1133 744 uno
1146 685 1236 755 modo,

156 785 304 853 debemus,
318 787 477 845 secundum
491 785 567 860 quod
580 804 745 863 possumus,
759 777 934 844 confiteri.”l
974 785 1111 843 Attamen
1127 785 1162 843 de
1173 785 1244 843 obli-

155 886 269 963 gatione
295 904 354 943 non
379 895 499 953 constat,
526 904 589 958 qne
610 904 698 957 quum
724 885 892 961 gravissima
913 884 960 951 sit,
982 892 1011 941 et
1031 902 1098 941 cum
1118 885 1234 960 periculo

155 984 340 1043 revelationis
354 985 515 1061 conjuncta,
532 1002 590 1042 non
613 995 657 1042 est
670 985 777 1055 absque
797 992 874 1041 certa
893 985 1058 1041 auctoritate
1079 982 1234 1041 statuenda:

156 1093 340 1159 quapropter,
353 1102 390 1141 ne
411 1082 524 1156 quidem
539 1084 568 1140 in
582 1084 680 1141 mortis
694 1082 872 1150 discrimine,
881 1082 944 1154 quis
959 1101 994 1141 eo
1007 1081 1049 1139 uti
1062 1091 1181 1149 tenetur,
1191 1082 1237 1140 sed

155 1182 272 1249 sufficit,
287 1192 318 1239 ut
330 1200 386 1253 qua
398 1183 489 1258 possit
501 1182 607 1239 ratione
622 1201 654 1239 se
674 1200 739 1239 esse
762 1190 950 1256 peccatorem,
965 1189 995 1238 et
1012 1181 1127 1238 veniam
1148 1191 1237 1256 petere

156 1274 325 1360 significec²
356 1279 438 1338 Licet
451 1279 565 1353 quidem
580 1281 739 1357 interpretis
748 1282 789 1338 uti
802 1299 899 1356 opera,
911 1298 997 1351 quam
1011 1280 1096 1338 etiam
1110 1279 1238 1338 adhibere

158 1378 409 1458 poteritsacerdos,
420 1388 450 1438 ut
460 1378 586 1437 dolorem
600 1379 635 1437 de
649 1379 773 1455 peccatis
787 1380 950 1456 generatim,
965 1388 994 1437 et
1006 1379 1072 1436 vitae
1085 1397 1168 1438 novae
1181 1398 1238 1455 pro·

157 1481 282 1558 positum
292 1479 425 1547 insinuet,
435 1487 463 1534 et
470 1479 665 1537 commendet:
681 1477 732 1537 sed
739 1476 912 1555 exigendum
925 1486 1048 1545 nonest,
1058 1488 1091 1535 ut
1104 1479 1240 1555 penitens

157 1578 269 1657 singula
284 1595 336 1653 per
346 1577 527 1653 interpretem
535 1578 716 1636 confiteatur:
742 1577 872 1649 quamvis
885 1576 1095 1653 prohibendum
1114 1596 1172 1635 nou
1183 1570 1240 1646 sit,³

158 1676 211 1737 sed
224 1677 317 1753 potius
331 1671 615 1734 commendandum:¹
647 1677 706 1735 Ubi
717 1676 859 1734 consessio
872 1676 914 1732 sic
928 1675 1081 1752 peragitur,
1091 1676 1240 1735 curandum

157 1786 189 1833 nt
210 1775 300 1850 signis
321 1775 415 1850 potius
439 1794 524 1847 quam
551 1774 666 1834 vocibus
689 1793 826 1851 responsa
845 1773 954 1841 dentur,
975 1793 1113 1833 manuum
1127 1793 1180 1833 ex:
1196 1795 1238 1852 gr:

157 1873 389 1950 compressione;
411 1885 440 1933 et
452 1885 483 1933 nt
496 1875 667 1946 questiones
681 1874 749 1932 fiant
758 1873 915 1952 generales,
929 1873 1007 1930 nulla
1020 1873 1117 1932 habita
1130 1893 1240 1951 respou-

158 1992 255 2033 somm
276 1973 393 2032 ratione.
436 1974 628 2032 Solicitiorem
642 1984 735 2031 autem
755 1990 813 2031 non
825 1979 936 2048 oportet
951 1990 1015 2029 esse
1039 1972 1240 2031 confessarium

157 2071 193 2130 de
210 2080 339 2130 accurata
357 2082 386 2131 et
398 2072 483 2148 plena
496 2072 676 2129 conscientie
690 2071 852 2148 poenitentis
865 2071 973 2138 notitia,
988 2090 1052 2143 quae
1067 2081 1135 2131 tunc
1149 2073 1242 2131 haberi

157 2171 265 2242 nequit.
306 2170 398 2227 Posse
412 2169 530 2236 absolvi,
544 2170 650 2240 absque
664 2189 720 2246 ope
734 2171 905 2247 interpretis,
919 2187 983 2227 eum
998 2171 1048 2243 qni
1064 2171 1157 2249 signis
1178 2170 1241 2229 dun·

160 2278 237 2325 taxm
256 2267 293 2323 ob
313 2265 454 2326 delectum
474 2266 617 2325 idiomatis
636 2270 707 2344 petit
720 2269 935 2336 absolutionem,
954 2267 1081 2328 decrevit
1101 2270 1134 2328 S.
1150 2269 1239 2347 (long.

160 2365 310 2441 Supremas
324 2364 523 2439 Inquisitionis
537 2371 576 2424 28
590 2367 736 2425 Februarii
750 2372 837 2427 1633.

198 2468 247 2523 67.
269 2463 418 2522 Poenitens
431 2463 515 2522 debet
531 2466 660 2524 confiteri
679 2466 818 2526 sacerdoti
831 2468 974 2544 praesenti,
989 2470 1030 2527 nti
1043 2487 1081 2526 ex
1095 2477 1240 2528 consuetu-

159 2564 226 2623 dine
250 2562 390 2622 Ecclesiae
413 2574 531 2632 constat,
553 2585 616 2638 quae
636 2567 751 2639 quidem
771 2567 934 2640 aequissima
946 2576 999 2634 est,
1019 2578 1052 2625 ut
1064 2579 1243 2644 peccatorum

159 2682 273 2739 poenam
295 2665 424 2739 patiatur,
449 2674 476 2722 et
492 2664 635 2742 judicium
659 2665 708 2722 fiat
730 2667 905 2732 accuratius;
933 2666 1021 2725 animi
1047 2668 1126 2726 enim
1150 2668 1242 2745 dispo·

158 2764 277 2822 sitiones
304 2763 343 2822 ita
368 2764 478 2826 facilius
504 2766 695 2842 explorantur.
750 2765 883 2823 Christus
914 2774 1078 2840 peccatores
1103 2776 1168 2825 ante
1191 2767 1242 2825 hoc

157 2862 278 2921 tribunal
292 2873 434 2936 tamquam
448 2882 511 2921 reos
526 2865 588 2921 sisti
611 2865 708 2922 voluit.
730 2863 949 2924 Damnationem
964 2883 980 2920 a
993 2863 1147 2923 Clemente
1160 2866 1240 2925 VIll.

158 2962 363 3039 propositionis
379 2981 465 3038 supra
478 2963 571 3021 relatae
595 2964 735 3040 respicere
755 2963 965 3021 consessionem
987 2972 1015 3020 et
1038 2965 1242 3023 absolutionem

156 3062 308 3138 conjuncte
328 3061 373 3118 vel
396 3061 510 3119 divisim
524 3062 675 3121 declaravit
688 3062 873 3139 praelaudatus
886 3061 1026 3138 pontifex,
1043 3072 1071 3120 et
1084 3064 1191 3122 Paulus
1204 3064 1239 3120 V.

156 3158 191 3216 ln
205 3161 303 3218 mortis
324 3159 487 3217 discrimine
508 3161 669 3229 absolvitur,
689 3162 748 3234 qui,
770 3163 884 3219 absente
906 3162 1084 3237 presbytero,
1099 3161 1179 3220 dedit
1196 3163 1243 3221 do·

157 3255 240 3315 lentis
255 3257 342 3315 animi
357 3256 391 3313 de
404 3258 528 3334 peccatis
543 3259 664 3315 indicia:
687 3260 736 3316 sed
751 3260 892 3318 consessio
905 3260 965 3317 haec
980 3279 1038 3317 uon
1051 3269 1096 3318 est
1108 3261 1226 3320 dicenda
1234 3278 1244 3317 ε’

157 3369 289 3413 censetur
299 3363 392 3415 umen
405 3355 600 3423 moribundus,
615 3366 752 3429 quatenus
766 3367 870 3436 potest,
885 3378 935 3416 sua
948 3370 1064 3435 peccata
1078 3370 1107 3418 et
1119 3360 1243 3420 dolorem

156 3451 345 3510 manifestare.

193 3673 236 3740 (l)
256 3673 316 3737 Sup.
327 3671 361 3720 iii.
372 3688 396 3736 p.
408 3689 448 3736 qu.
459 3673 493 3724 ix.
504 3681 547 3723 art.
558 3674 592 3725 iii.
602 3676 632 3725 ed
641 3679 665 3724 2.

193 3759 235 3824 (2)
255 3758 281 3807 S.
295 3756 392 3822 Alph.1.
404 3757 435 3807 vi.
447 3774 473 3808 n.
483 3760 542 3808 479.
559 3760 622 3811 Vide
634 3767 658 3808 et
669 3760 776 3810 Antoine
788 3769 854 3811 tract.
864 3762 894 3811 de
906 3761 993 3810 Poenit
1006 3770 1050 3812 art.
1062 3762 1088 3813 ii.
1100 3778 1140 3825 qu.
1152 3762 1209 3811 xvii.

196 3844 238 3910 (3)
258 3843 321 3893 Vide
333 3843 394 3893 decr.
407 3843 486 3906 (long.
498 3844 528 3893 de
540 3846 611 3909 Prop.
630 3845 690 3894 Fide
709 3847 810 3896 relatum
828 3863 842 3895 a
860 3847 973 3913 Philippo
990 3846 1019 3895 de
1039 3845 1198 3896 Carboneano
1216 3845 1240 3894 in

156 3928 288 3992 eppendice
299 3935 366 3979 tract.
378 3929 407 3978 de
419 3929 507 3979 Poenit.
520 3934 542 3989 ξ.
554 3930 587 3980 iil.
599 3947 639 3993 qu.
651 3931 675 3981 ii.

195 4013 237 4081 (4)
257 4013 357 4074 Ibidem,
368 4014 430 4064 decr.
445 4017 474 4064 10
485 4014 543 4064 Feb.
556 4016 627 4062 loos.
