2640 4860
271 331 278 342 ’
354 369 411 429 nn
432 368 612 429 orrrons
633 369 881 431 consuetur.
1100 381 1159 438 arr

62 536 176 614 conjux
198 534 315 596 reddere
335 537 461 597 debitum
479 555 515 596 eo
537 537 694 597 laboranti:
717 541 841 612 quodsi
863 539 932 598 velit
951 542 1157 619 obtemperare,

65 654 158 712 penes
179 637 271 712 ipsam
292 647 336 696 est
354 637 512 714 periculum
533 639 623 697 morbi
646 639 832 697 contrahendi
852 640 933 698 inse
953 643 1111 717 suscipere,
1131 653 1160 703 et

67 736 159 811 prolis
173 737 379 813 concipiendae,
391 755 454 810 quae
468 736 591 810 aliquam
601 737 766 815 hujusmodi
777 739 869 797 labem
879 739 990 797 habeat.
1033 741 1081 800 Ob
1093 762 1159 820 pro·

66 834 105 892 lis
120 835 278 911 periculum
299 837 467 915 plerumque
480 856 539 895 non
559 845 689 895 tenentur
708 839 844 915 conjuges
858 857 890 896 se
904 839 1053 909 abstinere,
1069 861 1157 915 quum

66 943 184 1010 praestet
197 954 271 1003 esse,
286 954 370 1008 quam
383 936 496 1012 penitus
511 955 566 993 non
581 954 654 993 esse.

113 1037 180 1090 103.
202 1035 285 1092 Uxor
298 1054 361 1108 quae
375 1043 491 1110 experta
504 1044 547 1093 est
560 1053 591 1093 se
605 1054 662 1094 non
676 1054 761 1111 posse
775 1055 872 1111 parere
886 1037 992 1109 absque
1007 1038 1070 1097 vitae
1085 1040 1159 1117 peri·

66 1133 145 1199 culo,
159 1152 218 1193 uon
238 1141 347 1192 tenetur
366 1133 484 1192 reddere
504 1134 641 1201 debitum,
655 1153 721 1192 nam
744 1153 809 1192 cum
830 1144 906 1194 tanto
926 1137 971 1193 sui
991 1135 1159 1198 detrimento

68 1233 171 1304 nequit
190 1233 324 1310 obligari:
347 1243 469 1291 attamen
490 1243 582 1309 potest
601 1233 729 1301 reddere,
751 1253 815 1292 narn
836 1235 901 1293 licet
922 1235 963 1294 illi
982 1255 1014 1293 se
1034 1238 1158 1315 objicere

68 1331 198 1407 periculo
219 1332 293 1403 quod
308 1352 344 1390 ex
358 1333 403 1390 sui
424 1333 586 1390 conditione
607 1334 704 1402 oritur,
718 1334 874 1408 praesertim
888 1336 913 1393 si
926 1335 954 1392 id
968 1334 1003 1392 ad
1017 1337 1157 1399 vitandam

68 1430 125 1496 sui,
140 1430 187 1487 vel
200 1433 341 1509 conjugis,
356 1433 588 1490 incontinentiam
603 1433 796 1491 necessarium
810 1435 855 1491 sit.
899 1435 931 1491 Si
944 1453 1057 1510 semper
1069 1439 1160 1513 pariat

68 1529 145 1586 filios
159 1539 297 1600 mortuos,
313 1531 407 1608 plures
421 1532 520 1589 dicunt
532 1550 593 1587 earn
608 1550 693 1607 posse
707 1531 835 1600 reddere,
850 1535 980 1605 quamvis
994 1553 1051 1592 non
1066 1551 1159 1596 tenea-

69 1636 123 1696 tur,
138 1648 205 1687 nam
226 1641 340 1707 praestet
359 1631 480 1688 insanies
500 1648 574 1696 esse,
596 1631 680 1689 etiam
702 1650 767 1689 cum
789 1641 906 1707 peccato
927 1633 1056 1708 originis,
1071 1655 1158 1709 quam

69 1745 128 1785 non
142 1747 217 1797 esse,
231 1739 260 1788 et
271 1749 323 1809 per
335 1729 468 1788 accidens
482 1749 579 1787 eornm
595 1749 671 1787 mors
685 1731 833 1807 contingit,
849 1751 936 1804 quum
950 1734 1076 1810 conjugii
1090 1755 1159 1794 usus

69 1844 122 1902 per
131 1846 163 1885 se
173 1828 268 1889 licitus
280 1830 326 1889 sit.
368 1830 435 1906 Ego
449 1829 678 1906 distinguendum
693 1839 771 1906 puto.
814 1830 846 1886 Si
856 1831 938 1888 soetns
950 1849 1025 1888 mors
1036 1834 1065 1891 in
1078 1846 1159 1894 utero

69 1928 227 2004 contingat,
241 1928 286 1986 rel
300 1929 378 1996 aliae,
394 1931 499 2002 absque
514 1937 577 1985 actu
591 1928 715 2006 chirurgi
726 1928 811 1986 vitam
827 1930 962 1996 tollentia
972 1933 1069 2004 utique
1083 1935 1160 1992 vide·

68 2035 114 2084 tur
133 2027 221 2085 licere
235 2029 275 2086 uti
294 2029 485 2096 matrimonio,
500 2029 553 2085 etsi
574 2028 760 2103 praevideatur
780 2038 931 2087 eventura:
953 2029 1004 2086 sed
1018 2032 1042 2089 si
1060 2032 1160 2093 fotum

67 2125 224 2202 forcipibus
236 2127 391 2186 tollendum
400 2137 519 2194 constet,
531 2127 650 2185 dubitari
662 2135 760 2203 posset
769 2137 862 2186 utrum
872 2129 1096 2207 liceatconjugio
1107 2134 1158 2202 uti,
1175 2108 1184 2125 ⁹

68 2243 135 2282 cum
150 2234 226 2284 tauto
236 2229 325 2304 prolis
339 2227 517 2286 detrimento.
540 2226 848 2303 Equidemoptandum
863 2238 894 2286 ut
904 2230 1079 2289 abstinerent
1092 2251 1160 2292 con-

64 2325 169 2402 juges;
191 2327 242 2384 sed
265 2347 352 2401 quum
367 2327 575 2385 incontinentia
589 2328 628 2384 sit
647 2327 814 2402 periculum,
829 2329 959 2387 excusari
973 2329 1068 2388 forsan
1083 2342 1161 2408 pote·

68 2431 145 2491 runt,
159 2424 356 2504 chirurgorum
370 2428 565 2503 permittentes
579 2426 702 2494 arbitrio,
718 2427 864 2497 quomodo
878 2447 943 2486 cum
963 2448 1053 2487 uxore
1067 2443 1161 2508 partu-

70 2525 160 2580 riente
171 2525 312 2602 agendum
326 2527 371 2583 sit.

113 2626 180 2681 104.
203 2625 374 2701 Uxorquae
399 2625 428 2682 in
455 2605 512 2682 usu¹
528 2610 701 2681 matrimonii
726 2641 758 2679 se
785 2622 877 2690 vertit,
903 2633 1017 2681 utnon
1043 2627 1161 2702 recipiat

68 2740 180 2793 semen,
195 2725 241 2782 vel
254 2725 346 2783 statim
367 2732 433 2800 post
445 2723 517 2781 illud
530 2729 681 2798 exceptum
696 2721 794 2797 surgit,
808 2730 840 2779 ut
859 2722 1027 2798 expellatur,
1049 2725 1160 2784 lethali·

71 2833 111 2879 ter
124 2832 240 2899 peccam
261 2823 312 2881 sed
329 2841 403 2899 opus
423 2841 481 2880 non
500 2832 543 2879 est
562 2831 593 2878 ut
613 2820 661 2879 diu
683 2821 818 2895 resupina
833 2821 939 2901 jaceat,
953 2839 1041 2894 quum
1056 2826 1160 2884 matrix

67 2921 147 2979 brevi
173 2941 273 2982 semen
293 2921 421 2990 attrahat,
448 2932 475 2979 et
502 2905 584 2980 mon⁸
599 2921 756 2997 arctissime
777 2918 931 2978 claudatur.
972 2921 1081 2980 Puellae
1101 2925 1160 2985 vim

50 3004 188 3098 ‘patienti
200 3020 268 3080 licet
280 3041 311 3079 se
327 3030 443 3089 vertere,
459 3031 487 3079 et
499 3021 607 3087 conari,
629 3029 729 3077 utnon
743 3019 860 3094 recipiat
872 3037 981 3087 semen,
996 3021 1072 3093 quod
1087 3024 1160 3101 inju-

69 3121 110 3178 ria
143 3122 171 3178 ei
203 3122 379 3181 immittitur:
410 3119 461 3177 sed
480 3128 632 3196 exceptum
654 3139 712 3176 non
732 3118 799 3177 licet
818 3119 975 3195 expellere,
1003 3121 1069 3194 quia
1097 3124 1160 3199 jarn

70 3221 283 3295 possessionem
297 3220 444 3298 pacificam
460 3220 553 3287 habet,
581 3229 610 3277 et
627 3218 704 3277 haud
724 3219 829 3290 absque
856 3218 959 3295 injuria
983 3230 1089 3280 naturae
1110 3225 1161 3303 eji-

69 3329 189 3378 caretur.

112 3423 181 3476 too>
203 3418 352 3496 Gonjuges
373 3427 456 3476 senes
477 3419 645 3495 plerumque
666 3425 770 3476 coeunt
783 3418 890 3490 absque
904 3418 999 3496 culpa,
1013 3421 1081 3479 licet
1094 3442 1162 3482 con·

69 3518 158 3596 tingat
170 3537 271 3576 semen
284 3531 364 3577 extra
376 3537 426 3576 vas
440 3515 559 3585 effundi,
580 3515 609 3575 id
630 3519 706 3576 enim
729 3536 781 3594 per
803 3516 934 3576 accidens
948 3519 981 3576 tit
993 3540 1031 3579 ex
1045 3523 1163 3582 infirmi·

70 3626 123 3675 tate
136 3628 254 3676 naturae.
297 3617 381 3685 Quod
395 3618 420 3674 si
434 3619 508 3675 vires
522 3617 594 3675 adeo
615 3617 673 3676 sint
692 3617 786 3674 sractae
807 3628 837 3674 ut
859 3618 938 3675 nulla
951 3619 988 3675 sit
1001 3622 1161 3681 seminandi

69 3717 142 3776 intra
155 3737 206 3775 vas
221 3735 299 3794 spes,
309 3719 370 3794 jam
384 3725 528 3790 nequeunt
536 3718 601 3794 jure
612 3718 739 3794 conjugii
753 3715 803 3772 uti.

112 3821 179 3875 106.
202 3818 322 3887 Tactus,
337 3826 478 3893 aspectus,
503 3823 530 3873 et
549 3815 633 3872 verba
646 3814 736 3889 turpia
750 3815 823 3870 inter
843 3813 991 3888 conjuges,
1007 3812 1112 3872 directa
1126 3817 1161 3874 ad

70 3917 214 3994 copulam,
229 3919 438 3994 permittuntur,
460 3916 527 3989 quia
547 3914 634 3971 veluti
654 3911 747 3971 media
760 3920 826 3968 sunt
840 3909 875 3969 ad
891 3911 977 3967 finem
991 3912 1100 3970 licitum
1110 3914 1161 4000 pd-

71 4015 169 4074 hibita.
214 4016 293 4074 Hinc
307 4016 374 4075 licet
386 4015 443 4073 illis
464 4034 494 4073 se
514 4015 636 4086 invicem
657 4013 694 4070 ita
713 4011 836 4068 excitare
857 4021 888 4065 ut
902 4010 1034 4086 copulam
1050 4011 1161 4071 facilius

71 4115 230 4192 perficiant.
273 4116 344 4183 Quae
358 4124 451 4174 autern
464 4114 499 4171 ad
513 4113 644 4190 copulam
664 4130 722 4171 non
735 4109 905 4176 referuntur,
920 4117 948 4165 et
961 4110 1048 4169 solius
1064 4110 1162 4190 volup·
1245 4115 1248 4123 '

73 4215 137 4272 tatis
159 4234 245 4273 cansa
266 4216 346 4283 finnt,
370 4234 428 4273 non
449 4212 593 4272 excedunt
611 4212 724 4287 culpam
744 4209 896 4275 venialem,
918 4209 943 4265 si
964 4217 1052 4267 tactus
1067 4229 1119 4287 per
1131 4231 1162 4271 se

72 4332 131 4375 uon
144 4315 182 4375 sit
195 4314 276 4372 valde
290 4314 394 4382 foedus,
409 4323 437 4370 et
450 4316 474 4372 si
490 4333 546 4372 non
561 4310 634 4370 adsit
647 4309 803 4387 periculum
820 4307 995 4385 pollutionis.
1017 4310 1163 4384 Equidem

587 4414 625 4444 00
635 4415 650 4444 ἵ
