2640 4860
383 407 440 466 DE
463 407 638 468 NATURA
658 408 934 468 MA'l'RlMONll.
1147 415 1205 470 297

111 583 172 632 tam
200 575 273 650 ipse,
295 592 381 646 quam
406 594 439 632 ea
459 594 524 632 cum
546 594 602 647 qua
627 575 776 643 contraxit,
803 579 1012 635 revocationem
1040 575 1205 654 hujusmodi

111 674 230 749 penitus
253 671 438 752 ignorarent)
460 674 566 732 nullius
589 675 727 733 momenti
746 675 851 743 existit,
872 695 937 734 cum
952 677 1028 734 illius
1042 686 1203 734 consensus

111 771 260 839 defecerit,
276 773 339 830 sine
353 793 411 846 quo
424 773 584 832 firmitatem
599 773 703 832 babere
717 771 890 845 nequivit.”¹
931 776 989 833 Per
1001 776 1106 833 litteras
1120 777 1206 833 etiam

111 871 243 929 contrahi
258 872 332 929 valet
345 873 564 940 matrimonium,
580 891 667 945 quum
689 882 849 930 contractus
870 874 989 946 quilibet
1003 875 1044 932 sic
1059 876 1124 932 iniri
1138 893 1205 951 pos-

111 971 168 1027 sit:
192 970 244 1028 sed
267 990 324 1029 non
345 970 420 1029 solet
437 971 498 1028 haec
521 973 592 1029 ratio
613 972 799 1031 contrahendi
825 974 1036 1032 matrimonium
1062 975 1203 1049 usurpari,

112 1088 204 1142 quum
225 1069 347 1144 plurima
365 1071 468 1128 habeat
486 1071 679 1139 incommoda,
694 1081 723 1129 et
736 1072 878 1148 pericula:
906 1073 957 1130 sed
970 1092 1022 1130 nec
1036 1073 1203 1149 plerumque

111 1167 282 1226 adhibentur
296 1181 503 1246 procuratores,
522 1171 577 1227 uisi
591 1171 663 1231 inter
677 1190 796 1248 magnos
810 1173 965 1248 principes.

154 1271 204 1324 38.
227 1268 385 1346 Distinguit
404 1270 436 1327 S.
451 1268 618 1345 Alphonsus
639 1271 711 1328 fines
735 1270 902 1328 intrinsecos
923 1271 1088 1329 essentiales
1112 1273 1205 1328 matri·

110 1368 204 1425 monii
219 1385 235 1422 a
248 1367 350 1426 tinibus
371 1369 532 1426 intrinsecis
548 1368 778 1437 accidentalibus,
793 1370 903 1443 hosque
918 1372 1050 1429 afinibus
1064 1371 1202 1427 extrinse-

112 1467 156 1523 cis
169 1465 400 1525 accidentalibus.
444 1477 463 1503 ‘⁸
475 1469 562 1525 Fines
577 1469 722 1526 intrinseci
735 1470 901 1528 essentiales
915 1485 982 1527 sunt
994 1472 1068 1528 duo:
1091 1469 1204 1528 traditio

113 1575 214 1623 mutua
228 1585 294 1624 cum
308 1566 479 1643 obligatione
492 1566 629 1625 reddendi
642 1569 777 1636 debitum,
792 1581 821 1627 et
833 1569 977 1628 vinculum
993 1568 1200 1627 indissolubile.

112 1665 203 1722 Fines
217 1666 362 1724 intrinseci
378 1666 564 1725 accidentales
586 1668 690 1744 pariter
710 1678 776 1726 sunt
798 1668 864 1735 duo,
888 1671 1043 1744 procreatio
1065 1667 1162 1744 prolis,
1177 1679 1205 1725 et
1301 1698 1307 1709 ·

111 1765 273 1823 remedium
300 1766 550 1840 concupiscentiae.
606 1767 693 1824 Fines
720 1777 813 1825 autem
834 1767 1021 1826 accidentales
1047 1768 1204 1826 extrinseci

113 1863 231 1940 plurimi
244 1883 309 1922 esse
329 1876 450 1942 possunt
470 1875 500 1923 ut
523 1885 580 1943 pax
602 1866 789 1933 concilianda,
803 1867 933 1944 voluptas
948 1866 1095 1945 captanda,
1111 1861 1205 1924 etc.'’²

115 1961 239 2021 Constat
252 1963 360 2022 nullum
384 1983 449 2021 esse
469 1984 555 2040 posse
576 1966 785 2023 matrimonium
809 1967 915 2038 absque
929 1980 1027 2025 mutua
1040 1966 1087 2024 illa
1099 1966 1206 2041 obliga·

112 2063 190 2121 tione
214 2073 242 2141 et
261 2063 392 2122 viuculo:
415 2065 466 2122 sed
487 2064 586 2123 baberi
610 2073 711 2140 potest,
733 2065 801 2123 licet
823 2066 886 2137 quis
906 2085 964 2124 non
985 2067 1040 2124 sibi
1062 2075 1205 2142 proponat

112 2161 223 2237 prolem
237 2163 364 2239 gignere,
376 2182 460 2222 senes
474 2165 551 2222 enim
566 2165 678 2239 nuptias
692 2166 785 2223 solent
797 2165 878 2222 inire.
921 2167 977 2233 Qui
992 2165 1203 2224 matrimonium

111 2261 295 2319 contrahitin
310 2262 466 2320 remedium
487 2263 737 2338 concupiscentia,
760 2263 869 2323 videtur
890 2265 1033 2340 plerisque
1054 2264 1204 2322 venialiter

112 2379 241 2436 peccare,
256 2380 291 2419 eo
306 2362 382 2435 quod
395 2362 461 2420 finis
476 2364 608 2439 proprius
629 2362 667 2419 sit
679 2363 768 2440 prolis
783 2367 959 2440 procreatio;
981 2366 1031 2423 sed
1045 2365 1108 2423 aliis
1123 2362 1201 2421 vide·

112 2470 158 2518 tur
172 2459 206 2516 ab
221 2463 301 2519 omni
314 2462 398 2538 culpa
411 2471 572 2527 excusatus,
587 2462 742 2537 Apostolus
756 2465 833 2521 enim
848 2465 902 2520 ait:
925 2474 1071 2541 “propter
1084 2463 1203 2522 fornica·

112 2561 220 2618 tionem
246 2561 445 2634 unusquisque
471 2579 591 2619 uxorem
617 2580 697 2618 suam
724 2562 835 2629 habeat,
859 2571 888 2618 et
912 2581 1091 2634 unaquaeque
1119 2579 1203 2618 suum

111 2654 254 2717 virum.”³
294 2659 364 2718 ldeo
386 2670 481 2717 autem
501 2670 594 2737 patres
615 2659 745 2718 videntur
765 2662 841 2718 hunc
862 2660 950 2718 finem
970 2660 1059 2735 culpae
1074 2675 1202 2734 arguere,

111 2759 179 2831 quia
199 2757 317 2816 libidine
338 2760 384 2837 agi
406 2760 543 2836 conjuges
564 2770 745 2836 supponunt:
768 2759 844 2834 quod
870 2759 895 2815 si
916 2757 983 2816 huic
1010 2767 1202 2835 repugnantes

112 2857 283 2916 infirmitatis
305 2869 432 2931 quaerant
457 2858 626 2926 remedium,
651 2879 709 2917 non
736 2859 866 2916 videntur
892 2857 1036 2935 culpandi.
1079 2856 1202 2924 Quando

111 2957 175 3029 quis
189 2956 278 3015 finem
292 2959 347 3016 sibi
361 2959 496 3035 proponit
508 2960 701 3017 extrinsecum
720 2968 748 3015 et
761 2957 974 3023 accidentalem,
990 2957 1121 3014 excusari
1135 2973 1200 3012 eum

110 3054 142 3113 S.
166 3055 336 3132 Alphonsus
359 3058 514 3126 existimat,
541 3060 566 3116 si
585 3059 651 3115 finis
673 3077 724 3135 per
746 3076 776 3115 se
800 3059 838 3114 sit
857 3056 1005 3124 honestus,
1026 3074 1061 3112 v:
1086 3075 1122 3132 g:
1145 3071 1202 3130 pax

111 3155 295 3224 familiarum,
321 3157 439 3215 honoris
465 3176 563 3215 earum
589 3158 785 3215 conservatio:
812 3175 895 3214 secus
921 3157 946 3215 si
972 3157 1037 3214 finis
1064 3155 1101 3213 sit
1125 3170 1201 3212 mera

111 3255 253 3332 voluptas,
262 3254 432 3315 ,divitiarum
445 3256 596 3334 cupiditas,
611 3257 737 3315 ambitio.

435 3501 461 3574 §.
483 3500 523 3558 ll.
565 3501 613 3558 Du
634 3519 879 3560 corvoruuoruaus.

150 3689 202 3743 39.
226 3683 364 3744 Conditio
389 3688 517 3763 apposita
542 3689 695 3745 consensui
716 3706 782 3744 eum
803 3686 962 3763 suspendit,
977 3685 1095 3743 sidere
1111 3685 1204 3742 futura

111 3784 291 3861 contingenti
305 3795 418 3862 agatur;
432 3805 467 3842 v:
483 3806 519 3862 g:
535 3786 562 3844 si
570 3793 659 3865 pater
673 3775 891 3843 consenseritr⁴
904 3802 959 3856 qua
967 3782 1129 3840 conditione
1143 3801 1201 3840 non

109 3885 238 3960 impleta,
253 3903 411 3942 consensus
425 3885 518 3942 irritus
532 3895 592 3942 est:
608 3886 649 3942 sic
663 3885 687 3941 si
701 3884 744 3940 vir
756 3883 869 3941 mulieri
884 3881 995 3956 nuptias
1009 3876 1200 3967 polliceatur,⁵

113 3981 271 4043 dummodo
298 3985 450 4060 pecuniam
474 3985 625 4057 quamdam
653 3984 750 4050 donet,
773 4001 831 4040 non
863 3979 1010 4046 tenebitur,
1044 3979 1108 4055 ipsa
1132 3977 1199 4036 dare

178 4177 223 4242 (l)
243 4173 306 4240 Cap.
318 4176 361 4226 ult
373 4173 402 4226 dc
409 4192 510 4244 procur.
522 4176 551 4228 in
563 4180 586 4226 6.
735 4177 778 4242 (2)
797 4173 827 4223 L.
838 4173 870 4223 vi.
881 4189 907 4222 n.
919 4173 977 4221 882.

178 4262 222 4327 (³)
245 4260 378 4311 ruam.
391 4264 414 4310 2·
730 4262 773 4327 (4)
794 4254 1132 4324 capaueconduunitua.

734 4347 776 4412 (5)
796 4345 858 4410 Gap.
869 4344 903 4395 iii.
914 4341 996 4396 eodem
1008 4341 1048 4395 tit.
