2640 4860
433 394 574 454 CAPUT
595 394 778 455 UNIOUM.
1094 402 1154 457 267

66 563 140 621 forte
154 571 230 619 esset
242 563 273 620 in
286 561 408 630 mortali,
431 570 458 619 et
480 579 599 637 compos
618 561 734 619 rationis
757 570 964 623 sacramentum
987 563 1152 640 recepisset,

66 661 174 719 auxilio
188 661 337 718 attritionis
350 661 468 737 gratiam
481 660 554 718 forte
574 660 676 717 suisset
695 659 823 736 adeptus,
845 678 902 732 qna
922 660 1048 733 alioquin
1061 663 1154 738 priva-

65 772 128 828 tur3
150 759 266 816 demum
279 760 346 831 quia
359 760 460 816 virtute
473 758 559 834 hujus
580 759 749 817 sacramenti
768 757 840 815 forte
860 770 1031 818 consecutus
1051 761 1153 819 fuisset

65 859 216 916 sanitatem
238 858 376 933 corporis,
398 858 423 915 si
444 866 570 933 tempore
584 875 711 933 congruo
725 855 859 914 collatum
872 857 982 926 suisset,
996 858 1062 916 licet
1074 859 1151 918 enim

62 956 120 1015 hoc
135 966 344 1014 sacramentum
358 957 458 1013 virtute
472 955 593 1028 quadam
607 955 813 1031 supernaturali
833 965 967 1032 operetur
980 957 1063 1014 etiam
1077 956 1151 1015 salu·

63 1065 122 1112 tem
137 1054 324 1129 corporalem,
343 1055 369 1112 si
389 1055 490 1113 anime
511 1055 594 1112 saluti
613 1052 774 1130 expedierit
795 1054 839 1134 (ut
857 1054 983 1127 loquitur
1006 1055 1152 1113 Tridenti-

64 1149 147 1230 num)
168 1160 334 1211 nontamen
353 1170 404 1228 per
426 1152 544 1211 modum
564 1151 694 1210 miraculi
714 1162 855 1229 operatur,
875 1153 927 1210 sed
948 1155 993 1211 via
1015 1153 1153 1226 quodam·

65 1251 153 1310 modo
166 1250 319 1318 ordinaria,
333 1269 436 1327 nempe
451 1270 550 1309 causas
564 1251 706 1309 naturales
720 1246 927 1328 adjuvando.'’¹

102 1354 153 1407 21.
175 1349 210 1406 In
224 1349 325 1408 eodem
340 1351 403 1408 vitae
416 1348 580 1409 discrimine
593 1368 652 1407 non
665 1351 779 1408 iteratur
792 1353 904 1409 unctio:
932 1348 982 1408 sed
996 1351 1022 1407 si
1036 1350 1150 1408 morbus

62 1449 101 1506 sit
115 1448 282 1518 diuturnior,
297 1456 326 1506 et
339 1448 402 1521 quis
415 1467 431 1504 e
444 1448 570 1524 periculo
580 1449 746 1506 imminente
758 1449 901 1524 eripiatur,
915 1450 955 1507 nil
967 1458 1041 1505 vetat
1050 1449 1151 1506 iterare

63 1548 238 1614 unctionem,
267 1548 374 1604 variato
404 1549 465 1625 jam
490 1547 629 1624 periculo.
686 1547 853 1614 “Quaedam
879 1559 946 1607 sunt
971 1547 1152 1624 egritudines

63 1645 213 1713 diuturnae,
234 1655 265 1704 ut
284 1647 405 1713 hectico,
429 1645 595 1724 hydropisis
615 1654 645 1702 et
664 1645 846 1722 hujusmodi;
868 1656 896 1704 et
917 1649 947 1705 in
968 1646 1068 1703 talibus
1091 1663 1150 1703 non

63 1743 149 1802 debet
165 1743 226 1802 fieri
239 1745 377 1813 inunctio,
398 1744 454 1805 nisi
474 1744 587 1818 quando
609 1743 740 1802 videntur
762 1744 916 1821 perducere
937 1744 972 1802 ad
992 1744 1151 1821 periculum

63 1843 183 1900 mortis:
208 1851 237 1901 et
258 1845 284 1902 si
306 1843 394 1902 homo
414 1842 495 1905 illum
518 1844 668 1902 articulum
688 1843 798 1912 evadat,
813 1843 913 1902 eadem
927 1843 1088 1902 infirmitate
1102 1843 1152 1901 du·

63 1949 154 2009 rante,
168 1943 310 2001 etiterum
324 1941 359 1999 ad
372 1942 495 2003 similem
509 1951 610 2001 statum
624 1960 677 2018 per
689 1942 766 2001 illam
780 1943 976 2019 egritudinem
989 1942 1148 2010 reducatur,

61 2041 166 2098 iterum
180 2050 273 2116 potest
292 2037 440 2118 inungi.”²
479 2042 512 2098 Si
532 2041 650 2099 dubium
670 2043 708 2098 sit
726 2050 818 2100 utrum
833 2041 909 2100 idem
929 2043 966 2099 sit
985 2039 1151 2117 periculum,

61 2139 98 2197 ad
129 2140 304 2199 iterationem
330 2138 569 2217 propendendum
597 2138 665 2197 dicit
690 2139 863 2198 Benedictus
890 2140 974 2199 XIV.
1001 2159 1039 2198 ex
1064 2139 1152 2196 veteri

59 2238 204 2296 Ecclesia
217 2239 431 2298 consuetudine.
473 2239 635 2298 Paucorum
653 2237 761 2299 dierum
783 2240 962 2299 intervallum
975 2258 1034 2298 non
1047 2235 1152 2296 sufficit

58 2346 92 2394 ut
105 2339 171 2410 quis
185 2356 201 2394 e
214 2337 341 2414 periculo
354 2339 480 2397 evasisse
494 2347 659 2404 censeatur;
675 2338 726 2396 sed
739 2338 861 2398 notabile
875 2339 1011 2415 temporis
1026 2339 1149 2415 spatium

59 2437 222 2508 requiritur.

99 2539 149 2591 22.
173 2534 275 2592 Utrum
289 2535 354 2607 quis
368 2533 464 2592 divina
476 2543 603 2593 teneatur
622 2534 686 2610 lege
707 2534 742 2592 ad
762 2535 929 2593 unctionem
948 2533 1148 2611 expetendam,

59 2632 228 2709 disputatur.
269 2632 483 2692 Affirmantibus
497 2633 592 2691 favent
610 2632 629 2690 J
632 2633 711 2689 acobi
732 2634 833 2690 verba:
867 2631 1011 2690 “inducat
1024 2632 1152 2707 presby·

58 2740 134 2789 teros
149 2731 289 2789 Ecclesia
300 2726 347 2787 :'’³
366 2741 395 2788 et
416 2731 602 2791 conciliorum
616 2731 729 2788 decreta
741 2733 802 2808 ejus
817 2731 1032 2806 susceptionem
1045 2747 1148 2805 urgen-

60 2832 151 2889 tium:
176 2828 367 2887 “Secundum
388 2830 460 2888 beati
486 2829 620 2906 Apostoli
639 2829 739 2887 Jacobi
762 2829 971 2895 documentum,
995 2828 1041 2885 cui
1064 2828 1149 2885 etiam

59 2927 229 2987 documenta
242 2918 352 3003 patrum
366 2938 534 2996 consonant,
556 2928 662 2986 infirmi
674 2929 740 2986 oleo
760 2927 838 3001 quod
852 2928 886 2985 ab
907 2926 1050 3003 episcopis
1063 2927 1150 2983 bene·

57 3026 169 3095 dicitur,
184 3045 200 3082 a
213 3027 387 3103 presbyteris
400 3029 469 3105 ungi
483 3026 619 3085 debent.'’
648 3027 691 3084 Ita
704 3027 857 3085 concilium
872 3019 1145 3084 Oabissonense11.⁴

57 3124 182 3183 Constat
202 3133 395 3201 contemptum
421 3127 490 3184 tanti
515 3126 684 3183 sacramenti
707 3127 813 3198 absque
840 3124 948 3202 ingenti
973 3122 1091 3191 scelere,
1119 3131 1147 3179 et

57 3224 150 3301 ipsius
165 3223 289 3299 Spiritus
304 3225 402 3282 Sancti
424 3225 537 3303 injuria,
560 3242 625 3282 esse
647 3242 704 3281 non
727 3221 847 3302 posser⁵
866 3224 917 3282 sed
937 3241 996 3280 non
1015 3232 1147 3299 putamus

55 3324 180 3398 graviter
193 3340 321 3398 peccare,
336 3324 396 3395 qui,
410 3324 578 3382 necessariis
593 3321 728 3382 subsidiis
734 3325 794 3401 jam
805 3324 939 3391 munitus,
964 3321 1059 3379 differt
1072 3322 1145 3379 reci·

56 3439 123 3497 pere
137 3421 313 3489 unctionem,
333 3422 389 3479 sibi
414 3421 600 3498 persuadens,
627 3422 696 3479 licet
715 3422 814 3481 leviter
833 3433 862 3481 et
883 3432 998 3489 temere,
1022 3439 1053 3480 se
1068 3420 1146 3479 haud

54 3519 125 3577 adeo
138 3519 302 3595 periclitari.
344 3520 410 3578 Neo
420 3539 538 3597 peccare
549 3523 671 3598 graviter
684 3521 795 3579 videtur
808 3521 922 3594 aliquis,
937 3522 986 3594 qui
1000 3521 1145 3579 moribun-

56 3617 135 3687 dum,
151 3617 277 3690 alioquin
289 3619 357 3677 satis
370 3602 509 3696 paratum,
530 3638 631 3697 urgere
651 3620 769 3697 negligit
782 3619 817 3678 ad
831 3621 994 3679 unctionem
1007 3619 1146 3694 recipien-

56 3716 134 3774 dam.

89 3900 134 3965 (1)
155 3896 184 3947 L.
197 3899 229 3948 vi.
239 3914 264 3948 n.
277 3901 334 3949 714.
472 3901 515 3966 (2)
535 3900 659 3949 S.Thom.
671 3898 732 3961 Sup.
743 3897 777 3946 iii.
788 3913 812 3961 p.
824 3913 864 3960 qu.
876 3896 963 3946 xxxiii.
975 3902 1018 3945 art⁴
1029 3894 1046 3944 i.
1058 3893 1133 3962 Reap.

87 3987 131 4051 (3)
151 3985 203 4034 lae.
216 4002 239 4033 v.
253 3986 291 4034 14.
474 3987 517 4051 (4)
538 3985 600 4049 Cap.
612 3984 687 4034 xlviii.

473 4072 516 4136 (5)
535 4070 596 4119 Tn'd
607 4069 672 4117 Sese.
684 4067 732 4116 xiv.
744 4081 796 4130 cap.
809 4065 843 4116 iii.
