2640 4860
284 379 341 440 DE
362 377 690 440 JURISDICTIONE
713 377 1002 441 CONFESSARII.
1131 384 1188 442 189

95 547 182 604 tacite
196 546 238 615 fit,
249 547 363 620 quando
376 548 487 606 scilicet
499 547 579 606 novit
598 547 702 625 praesul
718 547 944 626 jurisdictionem
965 549 1000 606 ab
1023 548 1118 622 aliquo
1139 568 1188 608 ex·

95 646 201 713 erceri3
217 654 247 704 et
266 656 386 705 externo
400 648 496 719 aliquo
508 645 614 704 indicio
627 667 711 706 suurn
725 665 897 706 consensum
910 647 1088 705 manifestat:
1104 649 1189 708 inter·

98 763 154 802 nus
165 754 259 803 autem
271 764 429 804 consensus
443 765 501 804 non
515 743 644 804 sufficit¹
666 746 716 804 Sic
730 747 755 804 si
765 745 895 804 sacerdos
909 745 1052 804 bonafide
1065 749 1190 824 excipiat

97 843 310 913 confessiones,
326 847 464 922 episcopo
477 846 586 903 sciente
599 854 628 903 et
646 864 818 904 consensum
839 844 1045 913 manifestante,
1055 847 1190 923 jurisdic-

99 944 207 1002 tionem
232 943 319 1002 habet
338 963 375 1003 ex
399 945 481 1002 tacita
502 945 700 1003 concessione.
742 944 839 1003 Semel
870 962 1009 1002 concessa
1028 945 1196 1021 jurisdictio

98 1043 210 1116 absque
222 1045 343 1101 termino
353 1043 472 1121 proefixo
481 1052 585 1112 manet,
591 1045 676 1121 juxta
688 1044 903 1120 probabiliorem
912 1043 1092 1113 sententiam,
1103 1046 1188 1104 etiarn

98 1143 222 1218 praesule
248 1143 358 1201 evivis
383 1143 505 1212 sublato,
527 1143 619 1201 donec
640 1164 656 1201 a
681 1162 846 1201 successore
869 1152 1026 1209 revocetur,
1047 1152 1091 1200 est
1112 1144 1189 1202 enim

102 1242 200 1317 gratiae
217 1242 315 1308 instar,
331 1253 359 1300 et
372 1251 392 1278 ‘⁴
404 1241 485 1300 decet
504 1261 674 1302 concessum
688 1262 704 1299 a
712 1243 840 1319 principe
852 1241 1022 1299 beneficium
1035 1259 1099 1298 esse
1111 1259 1190 1299 man·

103 1332 253 1398 surum.”²
286 1340 344 1399 Sed
358 1342 383 1398 si
405 1341 469 1399 data
482 1343 519 1399 sit
537 1343 565 1400 in
587 1361 653 1401 casu
675 1342 845 1418 particulari,
860 1360 918 1398 non
931 1349 1062 1398 censetur
1074 1359 1190 1399 manere

100 1439 155 1496 nisi
169 1439 314 1498 confessio
329 1440 412 1499 fuerit
424 1441 555 1516 inempta,
570 1440 637 1499 dum
651 1442 804 1518 episcopus
819 1441 935 1499 viveret.

143 1541 211 1596 124.
243 1538 408 1616 Delegatam
435 1539 542 1597 habens
564 1540 795 1618 jurisdictionem
821 1559 880 1598 non
905 1546 999 1615 potest
1021 1538 1190 1614 plerumque

102 1636 299 1714 subdelegare,
313 1639 368 1697 nisi
383 1638 529 1715 delegetur
542 1661 559 1698 a
572 1641 712 1716 principe,
733 1639 779 1697 vel
802 1656 938 1716 supremo
957 1646 1065 1695 rectore
1079 1638 1114 1696 ad
1128 1637 1190 1696 offi-

102 1737 177 1794 cium
192 1737 324 1810 aliquod:
346 1738 391 1795 vel
405 1738 461 1796 nisi
474 1738 621 1816 delegetur
633 1741 660 1797 ei
674 1739 802 1798 officium
816 1739 851 1797 ad
865 1738 1076 1796 universitatem
1092 1757 1189 1797 causa·

102 1853 174 1903 rum,
190 1837 236 1894 vel
250 1837 305 1893 nisi
319 1836 447 1913 delegata
463 1838 625 1915 jurisdictio
645 1839 757 1897 muneri
776 1857 829 1895 suo
843 1836 953 1896 adnexa
967 1835 1061 1895 fuerit.
1103 1836 1192 1903 Quia

103 1935 225 1992 Summo
248 1936 388 1994 Pontifice
419 1936 575 2014 delegatam
591 1938 822 2015 jurisdictionem
845 1954 910 1995 cum
933 1941 1051 1993 munere
1072 1937 1189 2012 accepit,

103 2034 206 2109 poterit
218 2035 298 2093 alteri
312 2054 375 2094 earn
390 2035 584 2113 subdelegare.
627 2036 685 2103 Qui
699 2037 815 2114 parochi
836 2054 950 2102 munus,
964 2036 1051 2093 veluti
1065 2054 1102 2094 ex
1116 2035 1191 2093 dele·

102 2134 214 2208 gatione
235 2133 329 2202 habet,
355 2135 420 2212 ipso
440 2135 566 2204 absente,
587 2136 634 2194 vel
654 2138 752 2195 munia
772 2137 849 2194 obire
869 2153 927 2193 nou
954 2135 1074 2203 valente,
1098 2144 1192 2211 potest

103 2231 182 2290 alteri
205 2235 383 2292 committere
404 2234 548 2308 quoddam
570 2254 629 2293 suoe
645 2236 854 2314 jurisdictionis
868 2235 1053 2294 exercitium:
1075 2234 1191 2319 etepis·
1270 2234 1273 2239 ⁴

102 2332 168 2407 copi
182 2341 303 2408 possunt
316 2333 501 2411 subdelegare
514 2334 661 2392 facultates
675 2355 745 2409 quas
759 2336 787 2392 vi
800 2335 914 2394 concilii
929 2334 1102 2401 Tridentini,
1122 2343 1192 2392 tam·

101 2448 188 2502 quam
210 2430 332 2508 delegati
351 2432 443 2492 Sedes
469 2434 643 2510 Apostolicae
664 2442 807 2502 exercent,
824 2435 885 2511 jam
909 2434 985 2491 enim
1010 2453 1064 2494 suo
1078 2434 1191 2492 muneri

103 2530 243 2588 inhaerent
255 2540 283 2587 et
296 2530 331 2588 ad
344 2531 514 2590 ordinariam
528 2549 626 2590 eorum
640 2540 809 2608 potestatem
823 2532 992 2589 referuntur.
1035 2531 1067 2588 Si
1081 2533 1191 2606 episco-

101 2647 155 2704 pus
171 2628 221 2686 det
233 2628 407 2688 confessario
416 2630 648 2709 jurisdictionem
671 2631 701 2688 in
721 2647 818 2688 casum
841 2628 984 2701 quendam
998 2629 1053 2686 sibi
1067 2647 1192 2686 reserva·

101 2737 171 2795 tum,
188 2728 287 2800 nequit
299 2728 347 2786 hic
359 2730 564 2806 subdelegare:
587 2729 638 2787 sed
651 2730 676 2786 si
689 2728 814 2806 parocho
825 2746 889 2786 earn
903 2727 950 2785 det
963 2728 992 2784 in
1006 2745 1088 2785 casus
1102 2745 1192 2784 reser-

101 2836 180 2885 vatos
195 2826 338 2895 universe,
353 2830 389 2887 ob
403 2834 508 2887 munus
528 2828 606 2902 quod
625 2829 707 2904 gerit,
720 2828 911 2905 potiusquam
926 2827 963 2884 ob
977 2826 1115 2902 speciales
1129 2828 1191 2903 ejus

102 2924 194 2994 dotes,
213 2935 312 3003 posset
333 2929 475 3003 parochus
489 2929 519 2987 in
533 2928 651 3004 speciali
666 2928 760 3002 aliquo
780 2945 847 2983 casu
861 2943 924 2984 eam
937 2925 1099 2984 facultatem
1113 2925 1191 2983 alteri

103 3021 341 3084 communicare.³

142 3128 210 3183 125.
232 3124 251 3182 J
254 3144 303 3183 ure
317 3125 486 3185 Tridentino
501 3126 631 3204 episcopi
654 3125 821 3203 approbatio
839 3108 1000 3183 necessaria
1021 3133 1065 3182 est
1083 3133 1114 3181 ut
1126 3125 1190 3197 quis

102 3224 301 3282 confessiones
315 3225 411 3284 audire
424 3227 525 3294 valeat,
546 3227 601 3284 nisi
614 3225 777 3303 parochiale
791 3225 960 3284 beneficium
982 3225 1008 3283 ei
1028 3225 1114 3283 fuerit
1125 3242 1192 3282 con·

101 3341 227 3391 cessum,
250 3324 327 3397 quod
343 3323 571 3402 jurisdictionem
592 3343 690 3383 secum
711 3325 805 3382 trahit.
848 3323 1016 3390 “Quamvis
1030 3325 1192 3402 presbyteri

100 3423 130 3480 in
143 3441 196 3481 sua
208 3421 386 3482 ordinatione
409 3443 427 3481 a
448 3425 572 3501 peccatis
595 3424 759 3482 absolvendi
779 3433 948 3501 potestatem
968 3425 1124 3501 accipiant:
1146 3423 1193 3481 de·

102 3522 191 3579 cernit
205 3531 301 3579 tamen
314 3522 565 3600 sanctasynodus,
589 3523 699 3581 nullum
719 3524 804 3582 etiam
825 3524 1008 3602 Regularem,
1023 3542 1108 3600 posse
1126 3542 1193 3581 con·

105 3619 246 3679 sessiones
261 3623 450 3691 secularium,
465 3624 549 3681 etiam
564 3622 752 3691 sacerdotum,
774 3622 881 3691 audire,
902 3641 955 3682 nec
968 3621 1003 3680 ad
1016 3622 1044 3679 id
1060 3621 1193 3684 idoneum

103 3720 236 3795 reputari,
251 3720 309 3778 nisi
320 3731 366 3779 aut
375 3723 537 3798 parochiale
547 3721 727 3789 beneficium,
738 3730 787 3780 aut
798 3721 833 3778 ab
842 3721 987 3798 episcopis
998 3737 1049 3794 per
1062 3736 1192 3784 examen,

103 3818 126 3875 si
139 3818 196 3876 illis
210 3818 353 3879 videbitur
363 3823 567 3889 necessarium,
582 3829 631 3878 aut
643 3820 713 3878 alias
726 3819 845 3878 idoneus
855 3812 1048 3896 judicetur.’'⁴

144 3921 212 3978 126.
233 3918 369 3979 Examen
382 3920 551 3996 plerumque
565 3917 724 3997 precedere
737 3917 821 3975 debet
833 3914 1030 3993 approbationi
1042 3913 1190 3990 episcopi:

119 4014 173 4074 sed
185 4014 316 4076 doctores
336 4018 553 4092 quistuducrunt
566 4017 672 4078 Morali
693 4015 863 4092 Theologiae
883 4012 1008 4072 examini
1031 4031 1089 4070 non
1112 4009 1192 4069 decet

172 4177 214 4243 (l)
234 4176 260 4227 S.
271 4176 347 4243 Alph.
358 4179 452 4231 latu.
464 4182 522 4229 570.

171 4263 212 4329 (a)
234 4261 466 4324 coenaturum
479 4267 503 4316 c.
763 4259 806 4324 (a)
826 4256 1045 4323 sarpanas.
1057 4257 1114 4308 seo.

443 4351 486 4417 (4)
506 4350 572 4401 Sese.
583 4346 652 4399 xxiii.
663 4360 716 4411 cap.
727 4360 768 4396 xv.
780 4343 811 4394 de
822 4343 875 4397 Res·
