2640 4860
357 371 415 432 DE
436 369 724 432 OELEBRANDA
744 371 879 432 Mtssn.
1105 376 1158 431 101

513 876 655 938 CAPUT
676 878 716 938 ΙΙ.

424 1092 464 1132 DE
485 1058 691 1135 cnnnnntnnn'
703 1095 798 1135 mtssn.

313 1251 366 1327 §L
409 1251 457 1310 Dn
478 1272 670 1314 conueniunt
697 1271 913 1332 onurosurortn.

103 1408 158 1464 79.
180 1403 331 1462 Tenentur
349 1403 524 1473 sacerdotes,
535 1407 619 1483 juxta
638 1407 840 1484 plerorumque
861 1405 1041 1474 sententiam,
1062 1405 1160 1467 divino

65 1513 213 1581 praecepto
228 1501 263 1561 ad
277 1503 494 1562 celebrandurn:
518 1506 643 1566 “omnis
660 1525 784 1580 namque
798 1506 928 1584 pontifex
942 1524 979 1564 ex
993 1506 1160 1565 horninibus

67 1591 243 1679 assumptus,
257 1621 309 1679 pro
330 1603 494 1662 hominibus
514 1605 694 1664 constituitur
707 1607 736 1664 in
750 1606 785 1664 iis
799 1625 862 1679 quae
876 1604 989 1663 suntad
1009 1605 1115 1674 Deum,
1129 1615 1160 1664 ut

69 1701 171 1760 offerat
195 1702 281 1770 dona,
308 1711 337 1760 et
362 1703 502 1762 sacrificia
520 1723 572 1780 pro
593 1700 767 1782 peccatis.''¹
806 1704 900 1763 Jussit
918 1706 1004 1763 etiarn
1025 1704 1160 1764 Christus

70 1800 238 1878 Apostolis:
274 1799 481 1861 “Hoc'facite
508 1803 539 1861 in
565 1822 660 1863 meam
682 1799 1036 1863 commemorationem.”²
1075 1804 1160 1882 Lugo

71 1900 184 1973 quidem
197 1901 253 1960 hoc
267 1910 441 1979 praeceptum
449 1903 596 1962 contendit
603 1921 639 1961 eo
649 1905 792 1980 precipue
805 1912 976 1980 spectarent
989 1903 1160 1961 sacrificium

72 2017 183 2078 semper
202 2000 360 2060 celebretur
379 2001 457 2074 quod
475 2001 594 2061 libenter
617 2001 820 2070 concedimns3
846 2001 898 2060 sed
923 2000 1052 2078 singulos
1072 2002 1161 2059 teneri

74 2098 219 2173 aliquoties
244 2098 311 2158 iude
336 2100 434 2178 colligi
460 2111 564 2178 potest,
590 2102 748 2178 presertim
769 2120 858 2175 quum
878 2100 907 2159 id
926 2103 963 2159 sit
982 2101 1159 2178 precipuum

74 2217 173 2258 munus
194 2199 230 2257 ad
257 2198 333 2272 quod
356 2200 502 2259 constituti
528 2210 602 2259 sunt.
645 2200 790 2274 Equidem
812 2202 861 2274 qui
880 2201 1000 2279 negligit
1018 2200 1160 2259 celebrare

74 2299 141 2358 servi
155 2299 231 2376 pigri
244 2300 334 2357 instar
346 2308 399 2369 est,
413 2301 444 2358 in
457 2297 571 2358 sudario
584 2302 750 2376 reponentis
765 2301 911 2360 talentum.

108 2401 156 2456 80.
178 2397 306 2457 Difficile
332 2389 377 2461 est
402 2397 519 2457 definire
546 2400 658 2471 quoties
685 2401 750 2472 quis
775 2400 915 2458 celebrare
942 2408 1078 2458 teneatur.
1125 2399 1157 2457 S.

76 2495 199 2556 Thomas
213 2498 266 2556 ait:
290 2497 526 2572 “Unusquisque
546 2507 658 2557 tenetur
670 2499 711 2556 uti
732 2499 821 2576 gratia
833 2499 887 2557 sibi
907 2497 981 2566 data,
997 2518 1063 2557 cum
1076 2497 1160 2555 fuerit

75 2606 270 2674 opportunum.
284 2638 291 2654 .
305 2595 428 2655 ..Unde
436 2597 578 2656 sacerdoti
586 2597 698 2657 etiamsi
706 2596 875 2657 nonhabcat
884 2615 981 2655 curam
990 2598 1158 2663 animarum,

75 2696 207 2756 nonlicet
226 2696 375 2756 omninoa
393 2696 583 2756 celebratione
604 2715 733 2756 cessare:
756 2696 808 2755 sed
828 2686 927 2753 saltem
946 2694 1067 2762 videtur,
1082 2694 1160 2766 quod

75 2793 211 2855 celebrare
237 2805 366 2855 teneatur
390 2796 421 2854 in
440 2796 704 2874 precipuis-festis,
731 2806 759 2856 et
779 2795 904 2854 maxime
925 2795 955 2853 in
976 2793 1033 2852 illis
1059 2792 1159 2852 diebus

76 2893 220 2968 inquibus
243 2895 343 2954 fideles
361 2897 573 2954 communicare
594 2889 852 2954 consueverunt.”³
893 2893 925 2951 S.
947 2891 1158 2969 Hieronymus,

72 2992 150 3068 juxta
175 2995 297 3068 aliquos,
311 2993 403 3054 noluit
421 3014 547 3069 unquam
578 3004 686 3053 tautum
705 2994 808 3054 offerre
829 2993 1021 3059 sacrificium
1043 2990 1094 3049 sed
1120 2991 1159 3060 id,

74 3093 144 3163 quod
170 3095 262 3152 critici
281 3103 396 3170 negant,
410 3113 469 3153 nou
489 3103 584 3172 potest
603 3092 752 3172 suffragari
775 3093 819 3150 his
841 3092 890 3166 qui
913 3111 950 3150 ex
970 3092 1089 3160 incuria,
1113 3092 1159 3151 vel

76 3194 166 3251 animo
192 3194 270 3252 curis
296 3193 448 3252 mundanis
475 3193 609 3261 distento,
630 3193 686 3252 hoc
713 3192 881 3251 detrectant:
913 3200 1087 3268 quapropter
1111 3190 1160 3250 do·

73 3289 179 3350 luerunt
205 3301 301 3370 patres
334 3292 541 3352 Lateranenses
570 3291 732 3352 sacerdotes
760 3291 900 3365 quosdam
925 3293 976 3351 vix
1004 3301 1103 3365 quater
1128 3292 1159 3351 in

75 3408 144 3450 anno
167 3391 321 3451 celebrare.
362 3392 394 3450 S.
417 3390 608 3470 Congregatio
622 3390 748 3452 concilii
767 3391 939 3451 Novembris
960 3409 1060 3450 mense
1083 3396 1161 3452 1696

76 3488 108 3546 ita
127 3493 258 3550 censuit:
289 3499 308 3527 ‘⁸
322 3484 464 3558 Qni'sine
479 3493 559 3569 justa
578 3510 665 3550 causa
686 3502 729 3550 ter
754 3492 800 3551 vel
825 3501 924 3566 quater
949 3492 980 3550 in
1002 3510 1077 3551 anno
1103 3511 1162 3551 nou

77 3588 232 3660 celebravit,
251 3600 351 3668 peccat
370 3591 535 3660 mortaliter,
556 3600 585 3650 et
597 3600 690 3668 potest
702 3592 737 3650 ab
756 3593 894 3669 episcopo
908 3590 1037 3667 puniri.”
1077 3590 1159 3658 Dies,

75 3688 160 3750 nullos
181 3691 212 3749 in
239 3691 341 3764 quibus
362 3690 391 3748 id
416 3692 548 3750 numeris
572 3689 733 3750 necessario
754 3690 932 3769 explendum
961 3689 1008 3756 sit,
1031 3688 1161 3746 definivit

77 3786 192 3862 ideoque
219 3789 364 3868 probabile
390 3800 472 3867 putat
496 3792 529 3849 S.
556 3790 723 3868 Alphonsus
750 3788 922 3863 quibuslibet
947 3786 1046 3845 diebus
1073 3804 1159 3861 posse

79 3885 229 3948 satisfieri.⁴
274 3889 441 3949 Concilium
467 3890 670 3951 Tridentinum
690 3889 819 3966 episcopi
845 3884 1054 3945 solicitudinem
1075 3884 1160 3943 ineo

80 3985 260 4048 adhibendam
286 3990 376 4049 voluit
395 3999 426 4048 ut
451 3991 612 4050 sacerdotes
633 3990 797 4064 frequenter
816 3984 1006 4044 celebrarent:
1040 3990 1059 4017 ‘⁴
1071 3981 1161 4044 Curet

81 4087 236 4165 episeopus,
255 4099 288 4148 ut
307 4090 327 4147 ii
346 4090 448 4148 saltem
469 4089 570 4149 diebus
590 4087 763 4155 Dominicis,
784 4095 813 4144 et
832 4082 912 4143 sestis
932 4082 1121 4154 solemnibus,
1135 4086 1160 4145 si

112 4255 152 4318 (¹)
172 4256 269 4308 Eeb-v·
283 4259 304 4305 1·
642 4257 685 4323 (a)
704 4252 837 4304 Lusus.
853 4254 890 4301 rs.

114 4339 153 4404 (3)
171 4339 205 4389 ffi·
216 4355 240 4406 P·
247 4357 288 4407 (lib
299 4341 386 4394 lmii·
397 4348 440 4394 arb
452 4358 477 4394 1·
495 4341 571 4408 Rttp.
642 4341 684 4407 (4)
704 4337 758 4389 Lat
772 4337 803 4388 iv.
815 4352 867 4403 cap.
879 4335 1003 4398 Dotenses,
1014 4337 1044 4388 de
1055 4338 1139 4389 celebr.

589 4439 653 4494 10*
