2640 4860
392 380 449 439 DE
471 381 895 444 DISPENSATIONIBUS.
1125 391 1184 447 363

534 991 676 1052 CAPUT
698 994 752 1054 VI.

463 1225 502 1264 DE
522 1226 813 1269 mserensanronlnns

348 1401 372 1470 §.
394 1398 419 1459 1.
462 1403 585 1469 Qurnsn
605 1423 727 1464 rossrnr
747 1424 939 1464 nrsrnnsann.

134 1572 205 1628 211.
228 1568 474 1643 Quandocumque
495 1572 574 1630 valor
593 1574 764 1631 matrimonii
786 1574 817 1631 in
838 1574 993 1647 questione
1016 1576 1140 1649 ponitur,
1161 1578 1185 1636 si

96 1669 252 1747 probabilis
276 1667 424 1727 doctomm
445 1672 583 1728 sententia
608 1672 635 1729 ei
651 1672 831 1750 suffragetur,
852 1673 987 1731 Ecclesia
1007 1677 1187 1749 praesumitur

96 1769 273 1845 dispensare,
296 1777 431 1840 quatenus
454 1787 528 1845 opus
551 1771 597 1838 sit,
619 1779 735 1846 propter
757 1774 863 1829 bonurn
878 1772 1045 1840 animarum,
1060 1772 1186 1833 tollendo

97 1865 421 1942 scilieetimpedimento
435 1869 639 1938 ecclesiastico,
662 1871 686 1926 si
700 1870 772 1928 sorte
787 1871 876 1928 adsit:
899 1870 952 1927 sed
965 1872 994 1928 in
1004 1872 1069 1947 jure
1082 1881 1187 1931 naturae

97 1967 138 2026 nil
151 1967 286 2024 innovare
300 1975 404 2043 potest,
428 1967 549 2040 ideoque
570 1970 596 2025 si
616 1968 713 2044 opinio
726 1970 878 2045 probabilis
893 1967 961 2027 illud
975 1970 1116 2045 respiciat,
1131 1969 1188 2028 dis·

97 2066 259 2142 pensationi
272 2083 330 2123 non
343 2075 385 2123 est
397 2065 488 2124 locus.
530 2067 616 2133 Quod
636 2069 661 2125 si
674 2068 909 2144 impedimentum
930 2074 1063 2126 noscatur
1076 2067 1186 2136 adesse,

99 2164 274 2243 dispensatio
288 2164 440 2236 quaerenda
453 2165 515 2222 erit.
1047 2174 1062 2209 ι’

136 2268 207 2322 212.
229 2261 415 2339 Dispensatio
428 2264 506 2321 nulla
518 2263 578 2321 dari
591 2272 686 2340 potest
699 2284 715 2322 a
727 2284 920 2338 quocumque,
935 2265 1020 2322 etiam
1034 2284 1051 2321 a
1064 2264 1187 2324 Summo

99 2362 249 2430 Pontifice,
264 2362 299 2418 ab
315 2361 527 2438 impedimentis
548 2381 611 2435 quae
627 2365 693 2439 jure
707 2374 812 2422 naturae
826 2365 872 2422 vel
886 2363 994 2431 divino,
1009 2357 1189 2423 matrimonio

97 2463 226 2529 obstant;
247 2460 342 2532 qualia
362 2469 428 2519 sunt
446 2480 534 2528 error,
549 2463 681 2529 amentia,
704 2463 934 2538 consanguinitas
955 2464 985 2519 in
1006 2481 1188 2536 quocumque

100 2560 187 2639 gradu
207 2560 290 2619 linere
312 2568 406 2627 rectae,
432 2560 508 2617 etin
529 2561 624 2636 primo
646 2558 734 2636 gradu
753 2561 837 2618 lineae
857 2569 1033 2627 transversae,
1054 2560 1189 2636 ligamen,

99 2659 276 2736 impotentia.
318 2659 530 2717 Potesttamen
557 2659 616 2716 “in
636 2658 731 2732 aliquo
751 2678 819 2716 casu
837 2657 1044 2734 urgentissimas
1064 2662 1188 2718 necessi·

99 2759 162 2816 tatis
176 2757 317 2816 declarare
328 2775 392 2814 esse
402 2755 526 2816 validum
535 2759 759 2826 matrimonium,
771 2777 829 2816 non
842 2757 970 2815 obstante
981 2757 1189 2833 impedimento

101 2856 178 2930 quod
191 2855 371 2934 probabiliter
389 2854 424 2913 de
440 2856 505 2932 jure
525 2864 632 2915 naturae
651 2856 693 2915 illi
707 2851 849 2916 obstet.’'¹
888 2855 1021 2913 Attamen
1034 2856 1189 2934 contigisse

98 2955 208 3024 dicitur,
223 2954 299 3027 quod
313 2953 397 3012 trater
409 2963 438 3011 et
457 2972 537 3013 soror
556 2956 715 3014 nescientes
738 2974 769 3013 se
789 2973 853 3012 esse
866 2953 1106 3030 consanguineos,
1121 2974 1187 3014 con-

98 3056 190 3133 juncti
216 3054 282 3123 sint,
308 3072 390 3126 quos,
413 3071 501 3125 quum
521 3054 645 3131 separari
669 3073 727 3113 non
747 3061 867 3130 possent
890 3053 998 3126 absque
1021 3055 1190 3130 gravissima

100 3153 226 3221 infamia,
253 3161 282 3210 et
301 3151 428 3225 alioquin
446 3153 522 3210 bona
541 3159 638 3210 essent
657 3152 724 3222 fide,
748 3152 987 3229 propinquitatem
1007 3150 1083 3210 haud
1096 3154 1190 3229 suspi-

102 3259 208 3319 cantes,
222 3251 252 3308 in
265 3252 341 3310 bona
354 3269 407 3309 sua
418 3248 475 3307 fide
488 3239 690 3325 relinquendos
704 3252 797 3310 visum
810 3260 863 3309 est.
905 3250 1037 3309 Affinitas
1053 3252 1083 3309 in
1097 3254 1190 3328 primo

101 3348 190 3429 gradu
201 3349 282 3408 lineae
296 3358 379 3408 rectae
393 3349 490 3407 multis
504 3349 615 3408 videtur
627 3350 871 3426 dispensationem
883 3368 941 3408 non
955 3349 1113 3408 admittere.

140 3452 210 3506 213.
233 3448 267 3506 ln
282 3448 414 3507 omnibus
428 3447 640 3523 impedimentis
655 3469 717 3523 quae
731 3468 768 3507 ex
778 3449 843 3527 jure
856 3449 1049 3508 ecclesiastico
1063 3450 1192 3511 oriuntur

100 3548 238 3607 Pontifex
251 3547 388 3605 Summus
402 3545 567 3622 dispensare
587 3548 671 3618 valet,
693 3550 734 3606 nti
747 3568 862 3608 summo
876 3567 1018 3607 consensu
1033 3558 1192 3625 agnoscunt

101 3646 228 3723 theologi
241 3640 408 3704 catholieir²
431 3645 575 3723 Episcopi
591 3647 698 3722 singuli
712 3665 769 3704 non
791 3654 913 3722 possunt
930 3647 996 3721 jure
1016 3647 1132 3721 proprio
1155 3648 1190 3704 ab

101 3744 147 3803 his
161 3745 338 3823 dispensare,
359 3743 438 3821 leges
461 3745 539 3802 enim
558 3745 705 3820 generales
725 3743 866 3801 Ecclesiae
880 3743 954 3800 solvi
968 3753 1114 3814 nequeunt
1126 3763 1190 3821 pas·

103 3843 158 3902 sirn
170 3865 186 3902 a
199 3842 318 3921 singulis
333 3842 511 3920 presulibus,
526 3841 595 3915 quin
608 3840 678 3900 ordo
691 3851 720 3899 et
738 3841 891 3917 disciplina
904 3842 1038 3907 turbetur,
1052 3849 1082 3897 et
1093 3841 1191 3919 legum

102 3942 246 4021 frangatur
259 3943 302 4000 vis
316 3951 344 3999 et
356 3942 528 4000 auctoritas:
548 3939 614 3999 ideo
629 3938 705 3998 “lex
718 3939 873 4016 superioris
888 3958 940 4015 per
952 3939 1115 3998 inferiorem
1131 3941 1192 3999 tolli

101 4060 159 4100 non
185 4032 325 4119 potest.”³
366 4040 399 4098 Si
425 4038 661 4117 impedimentum
680 4040 824 4098 occultum
843 4039 997 4114 reperiatur
1019 4048 1086 4115 post
1099 4041 1191 4098 matri-

156 4241 199 4308 (1)
219 4240 245 4289 S.
257 4240 331 4305 Alph.
343 4241 360 4289 l.
371 4240 403 4289 ri.
414 4255 440 4289 n.
454 4243 527 4290 1120.
710 4240 753 4307 (2)
775 4237 835 4287 Vide
848 4236 983 4287 Cerneret.
994 4237 1020 4287 ii.
1030 4253 1056 4288 n.
1070 4241 1143 4290 106³.

376 4325 418 4390 (3)
440 4316 518 4374 Olerir.
530 4324 592 4389 (lap.
603 4322 644 4373 Ne
655 4322 768 4384 Romam,
776 4322 801 4372 ii.
813 4321 843 4372 de
854 4320 921 4373 elect.
