2640 4860
463 373 521 434 DE
542 371 844 434 SPONSORIBUS.

535 888 676 948 cnPUT
696 887 781 946 Vlll.

449 1107 530 1147 ‘DE
562 1103 838 1145 seonsontnus.

155 1271 202 1325 45.
227 1269 389 1346 Sponsores
403 1271 433 1326 in
449 1267 572 1326 solemni
585 1266 728 1341 baptismo
748 1263 929 1335 requiruntur
950 1281 988 1320 ex
1009 1261 1204 1335 antiquissimo

117 1383 206 1433 more,
222 1369 272 1441 qui
286 1387 323 1426 ex
336 1368 515 1426 Tertulliano
528 1365 627 1437 liquet,
641 1366 725 1442 cujus
739 1363 877 1421 rationem
892 1363 1015 1439 exponit
1029 1363 1062 1420 S.
1078 1362 1205 1419 Thomas

116 1465 265 1537 Aquinas:
289 1477 309 1503 “
318 1469 347 1525 in
362 1466 500 1544 spirituali
513 1464 695 1542 generatione
708 1462 842 1538 baptismi
855 1463 1008 1534 requiritur
1022 1462 1137 1533 aliquis,
1158 1461 1206 1532 qui

118 1562 250 1641 fungatur
262 1567 324 1624 vice
338 1567 455 1625 nutricis
469 1575 498 1622 et
510 1563 669 1642 paedagogi,
691 1559 870 1620 informando
891 1571 919 1618 et
941 1559 1111 1620 instruendo
1133 1577 1207 1625 euin,

119 1664 202 1733 quasi
211 1666 349 1722 novitium
365 1666 394 1722 in
407 1664 475 1732 fide,
489 1663 524 1721 de
538 1664 584 1721 his
598 1681 661 1736 quae
675 1661 817 1740 pertinent
832 1660 866 1718 ad
880 1660 966 1719 fidem
981 1672 1009 1718 et
1022 1663 1109 1719 vitam
1124 1657 1209 1715 chris·

118 1759 273 1820 tianam.’'¹
314 1773 333 1800 ‘⁶
347 1765 430 1824 Unus
444 1773 563 1832 tantum,
584 1764 645 1820 sive
665 1764 703 1820 sit
722 1762 775 1828 vir,
796 1760 856 1816 sive
870 1761 908 1816 sit
920 1760 1058 1826 mulier,”
1080 1759 1119 1817 ita
1141 1776 1209 1834 prae·

120 1863 219 1921 scribit
232 1864 384 1924 concilium
399 1864 612 1930 Tridentinum,
634 1872 653 1897 “
660 1863 744 1938 juxta
756 1877 901 1917 sacrorum
916 1878 1058 1918 canonum
1073 1859 1209 1925 instituta,

120 1962 165 2042 yel
179 1961 214 2021 ad
228 1982 373 2024 summum
387 1983 461 2022 unus
481 1973 509 2022 et
527 1981 584 2020 una
597 1961 768 2037 baptizatum
790 1958 825 2016 de
848 1958 989 2035 baptismo
1002 1948 1211 2033 suscipiant.”²

120 2061 239 2135 Absque
260 2082 399 2138 sponsore
420 2063 578 2138 baptismus
597 2059 728 2136 privatim
749 2057 941 2116 administrari
961 2068 1066 2136 potest,
1082 2057 1211 2129 quamvis

121 2171 235 2235 prestet
247 2179 312 2218 eum
327 2161 429 2218 habere
439 2155 463 2216 :³
476 2159 525 2216 sed
539 2160 569 2216 in
582 2159 704 2216 solemni
718 2157 961 2216 administratione
971 2157 1108 2236 baptismi
1118 2157 1211 2234 gravis

119 2258 202 2333 culpa
215 2267 337 2317 osteum
359 2260 488 2317 omittere
508 2257 624 2330 quando
645 2258 744 2316 haberi
757 2240 878 2333 possit'⁴
917 2258 1015 2318 Etiam
1029 2255 1126 2316 adulto
1140 2272 1211 2332 opus

119 2365 164 2413 est
176 2374 327 2432 sponsore,
342 2377 430 2430 quum
444 2357 537 2416 insans
557 2359 588 2415 in
611 2358 711 2434 spiritu
731 2356 875 2415 habeatur.
919 2357 1064 2416 Caeterum
1078 2358 1105 2413 si
1118 2356 1211 2424 nullus

118 2455 156 2512 sit
175 2457 205 2514 in
227 2454 481 2517 loco.0atholicus
502 2467 604 2534 praeter
623 2467 755 2533 parentes
775 2455 902 2523 infantis,
922 2458 968 2516 vel
990 2459 1016 2516 si
1036 2474 1124 2515 nemo
1146 2455 1214 2513 velit

121 2557 271 2631 sponsoris
293 2557 375 2635 fungi
400 2556 507 2626 officio,
528 2557 594 2632 quia
619 2565 752 2634 parentes
778 2555 868 2632 ignoti
888 2568 964 2625 sunt,
991 2558 1037 2615 vel
1062 2555 1146 2623 viles,
1170 2552 1213 2613 vel

121 2654 215 2715 infans
238 2658 354 2734 spurius
374 2666 426 2726 est,
447 2656 557 2715 videtur
576 2657 664 2715 licere
689 2656 863 2732 baptismum
889 2654 1048 2715 solemnem
1072 2656 1212 2722 conferre,

121 2774 261 2831 sponsore
288 2758 408 2817 omisso.
463 2757 534 2815 Nou
559 2766 670 2834 oportet
701 2756 894 2832 baptizantem
920 2757 1069 2832 sponsoris
1095 2771 1212 2813 munere

122 2855 215 2933 fungi,
229 2858 286 2915 nisi
300 2859 372 2916 alius
385 2865 490 2935 praesto
510 2857 548 2914 sit
561 2858 610 2929 qui
624 2856 686 2933 ejus
700 2855 816 2912 nomine
830 2854 1017 2931 respondeat;
1039 2872 1128 2928 quum
1143 2855 1210 2929 bap·

123 2956 216 3014 tizans
238 2977 254 3014 a
274 2976 424 3034 sponsore,
442 2959 527 3035 juxta
546 2956 631 3015 ritum
652 2954 802 3021 Ecclesia,
824 2953 1028 3029 distinguatur:
1050 2953 1093 3013 nil
1117 2963 1211 3010 autem

122 3064 199 3113 vetat
211 3069 424 3132 procuratorem
445 3057 589 3115 constitui.
632 3055 752 3121 Quoties
774 3053 852 3110 deest
874 3063 1048 3129 procurator,
1073 3053 1124 3126 qui
1145 3053 1213 3128 bap·

123 3154 238 3211 tizantis
264 3156 342 3213 vices
369 3154 538 3230 spondendo
558 3163 633 3231 agat,
660 3171 717 3211 non
743 3152 853 3210 videtur
872 3153 919 3211 hic
939 3171 1043 3211 munus
1064 3134 1213 3230 sponsoris

123 3253 279 3327 suscipere,
294 3254 361 3311 licet
374 3255 437 3329 ipse
451 3253 529 3320 velit,
539 3271 605 3309 narn
620 3251 749 3308 voluntas
762 3250 823 3309 haec
837 3252 995 3322 frustratur,
1011 3253 1079 3311 dum
1093 3251 1214 3330 sponsio

122 3368 221 3407 resera
234 3369 292 3408 uon
313 3352 355 3418 lit,
377 3360 406 3408 et
427 3350 521 3408 infans
541 3368 599 3408 nou
618 3349 728 3406 levatur
747 3369 763 3406 e
783 3369 863 3409 sacro
883 3351 970 3409 fonte.
1012 3354 1046 3412 Id
1060 3351 1214 3411 dicendum

123 3432 239 3515 censeo,
254 3449 366 3507 etiarnsi
379 3449 528 3524 baptizans
540 3450 602 3525 ipse
615 3449 671 3506 sibi
684 3449 854 3524 respondeat
863 3450 1042 3527 spondendo,
1056 3461 1085 3510 et
1096 3469 1214 3510 manum

125 3558 258 3625 apponat,
282 3545 350 3607 dum
372 3547 497 3625 baptizat
515 3548 663 3617 infantem,
685 3566 719 3605 eo
734 3548 829 3607 animo
848 3561 879 3608 ut
899 3554 1046 3626 sponsoris
1067 3548 1216 3610 contrahat

124 3648 344 3726 obligationem:
372 3665 438 3706 nam
464 3667 502 3706 ex
528 3648 668 3707 Ecclesia
694 3647 821 3707 instituto
842 3649 913 3707 alius
934 3671 951 3707 a
976 3650 1139 3728 baptizante
1165 3649 1215 3723 qui

124 3768 248 3828 sponsor
261 3749 308 3817 sit,
322 3748 369 3808 vel
381 3749 528 3824 sponsoris
543 3748 619 3806 vices
632 3758 708 3827 agat,
723 3747 832 3806 videtur
844 3751 961 3823 requiri.

165 3854 214 3909 46.
236 3849 392 3927 Sponsoris
406 3867 510 3908 munus
524 3846 600 3922 quod
613 3849 666 3906 sub
678 3849 757 3925 gravi
771 3856 889 3924 peccato
902 3849 1022 3927 implere
1036 3860 1157 3916 tenetur,
1172 3855 1216 3906 est

123 3951 299 4027 baptizatum
321 3950 441 4009 edocere
460 3948 529 4008 fidei
551 3948 683 4006 veritates
704 3957 733 4005 et
751 3965 864 4006 morum
884 3949 1035 4026 principia,
1059 3958 1088 4006 et
1101 3967 1167 4021 qum
1180 3946 1217 4005 ad

123 4048 258 4124 pietatem
272 4051 424 4126 pertinent,
438 4059 570 4109 ceterum
585 4049 610 4106 si
624 4059 754 4125 parentes
768 4047 827 4104 sint
838 4046 949 4116 fideles,
969 4058 997 4106 et
1010 4049 1093 4125 copia
1105 4049 1145 4106 sit
1158 4047 1215 4106 dis·

154 4273 197 4339 (l)
216 4272 251 4323 iii.
261 4288 286 4337 p.
297 4288 338 4337 qu.
349 4275 417 4326 lxvii.
427 4283 470 4330 art.
482 4278 523 4328 vii.
557 4279 632 4346 Rerp.
713 4278 756 4345 (2)
775 4275 840 4327 Sese.
850 4275 918 4326 xxiv.
927 4292 980 4340 cap.
992 4275 1017 4327 ii.
1025 4274 1056 4326 do
1069 4275 1122 4327 tter.
1135 4276 1208 4327 Matr.

154 4357 197 4422 (3)
216 4355 243 4404 S.
254 4355 329 4421 Alph.
338 4357 354 4406 l.
366 4357 398 4407 vi.
409 4373 434 4408 n.
448 4360 505 4409 147.
706 4360 748 4425 (t)
767 4358 867 4419 Ibidem,
878 4374 903 4408 n.
918 4360 973 4407 159.
