2640 4860
372 408 430 469 DE
450 407 635 470 MUNERE
657 407 946 469 GONFESSARII.
1146 417 1207 472 233

155 579 226 634 231.
248 574 393 635 Ceterum
406 577 573 653 plerumque
588 577 614 634 si
635 575 704 648 quid
724 575 870 636 admiserit
885 577 1075 636 confessarius
1098 578 1128 637 in
1149 599 1205 639 suo

113 674 249 733 obeundo
261 693 389 745 munere,
404 677 453 734 vix
466 676 568 752 poterit
586 676 720 753 reparari,
735 677 791 733 nisi
803 677 946 753 poenitens
961 695 992 735 se
1006 678 1108 736 iterum
1123 679 1206 737 sistat

109 773 312 848 judicandum,
326 793 391 833 nam
404 793 556 852 gravamen
570 774 714 847 quoddam
726 775 809 833 facile
821 775 906 834 infert
919 776 1019 854 petitio
1031 777 1154 836 licentiae
1168 779 1205 838 de

113 873 198 932 rebus
212 892 276 947 qua
290 874 325 932 ad
344 874 554 933 consessionem
569 884 701 951 spectant
713 874 903 947 colloquendi.
946 874 980 932 lu
993 875 1057 952 ipso
1071 878 1203 938 tribunali

112 971 183 1030 dum
197 975 262 1046 quis
276 991 399 1033 errorem
413 972 555 1043 emendat,
570 975 669 1047 quiex
684 974 806 1032 consilio
824 991 1005 1051 praepropere
1018 973 1093 1045 dato,
1107 976 1204 1037 velex

114 1072 272 1132 omissione
292 1074 417 1132 muneris
438 1073 608 1142 inculcandi,
630 1082 707 1131 ortus
728 1081 780 1141 est,
801 1085 882 1132 caute
903 1083 931 1130 et
946 1073 1100 1149 prudenter
1122 1075 1205 1135 debet

113 1169 205 1243 loqui,
220 1190 256 1230 ne
276 1174 416 1248 poenitens
430 1190 462 1230 se
482 1173 548 1231 inde
568 1172 677 1249 gravari
696 1173 808 1240 sentiat,
823 1173 867 1231 vel
888 1172 1053 1232 scandalum
1073 1175 1202 1251 patiatur.

113 1269 148 1327 Si
168 1271 248 1346 gravi
261 1290 313 1328 sua
325 1272 410 1349 culpa
429 1272 556 1329 omiserit
574 1270 782 1330 restitutionem
795 1273 954 1350 injungere,
968 1290 1021 1330 nec
1034 1275 1125 1332 valeat
1140 1274 1201 1350 jam

115 1385 179 1425 eam
193 1388 305 1446 urgere,
319 1389 376 1430 non
394 1371 504 1429 videtur
517 1372 606 1429 teneri
619 1369 655 1427 ad
674 1370 861 1446 reparandum
881 1370 1027 1440 damnum,
1043 1392 1131 1446 quum
1144 1392 1203 1431 non

115 1469 154 1525 sit
167 1468 268 1526 efficax
282 1469 343 1546 ejus
356 1489 451 1538 causa,
466 1471 597 1542 quamvis
618 1488 671 1527 sua
692 1469 839 1548 diligentia
861 1472 984 1529 cavisset
1000 1490 1036 1529 ne
1057 1473 1203 1530 continua·

114 1575 208 1625 retur:
229 1569 254 1626 si
281 1570 373 1644 possit
397 1561 489 1627 adhuc
512 1587 629 1628 monere
655 1570 850 1645 penitentem,
874 1589 938 1629 cum
963 1588 1015 1647 spe
1035 1572 1152 1638 fructus,
1176 1581 1204 1629 et

114 1667 222 1739 absque
242 1669 416 1745 gravamine,
430 1667 523 1738 debet,
538 1670 623 1727 etiam
634 1687 700 1727 cum
720 1688 824 1746 magno
838 1671 884 1727 sui
903 1670 1104 1729 incommodo:
1132 1673 1201 1744 quia

113 1765 236 1824 charitas
261 1767 367 1844 obligat
392 1767 426 1825 ad
452 1768 639 1846 reparandum
661 1787 747 1845 grave
767 1779 969 1827 nocumentum
990 1771 1125 1845 proximi.
1168 1771 1202 1829 Si

112 1866 237 1924 consilio
245 1868 376 1944 imperito
384 1868 756 1944 impedieritrestitutionem
765 1886 849 1940 quam
856 1869 1200 1945 poenitensmeditabatur,

112 1965 211 2041 plures
229 1975 325 2024 tenent
337 1967 540 2026 confessarium
555 1967 644 2025 teneri
657 1966 692 2024 ad
705 1968 922 2036 restituendum,
938 1987 1024 2041 quum
1040 1968 1202 2026 censendus

111 2064 152 2120 sit
164 2084 250 2123 caiisa
262 2065 366 2123 efficax
380 2085 430 2124 cur
442 2065 575 2125 damnum
589 2086 648 2125 non
668 2076 831 2143 reparetur:
854 2067 942 2126 multo
963 2069 1092 2144 magissi
1113 2087 1202 2144 pravo

110 2163 143 2221 id
162 2163 260 2223 iecerit
279 2166 307 2223 in
328 2165 414 2223 alium
436 2168 543 2226 animo.
585 2167 618 2224 Si
633 2167 753 2243 jusserit
770 2167 976 2225 restitutionem
998 2177 1113 2235 temere,
1134 2188 1201 2227 cum

111 2264 276 2339 poenitentis
290 2265 404 2342 injuria,
418 2274 462 2322 est
474 2265 626 2324 manifesto
636 2285 721 2323 causa
729 2265 835 2335 damni,
847 2267 924 2340 quod
938 2285 1066 2342 reparare
1081 2268 1202 2344 proinde

111 2362 208 2421 debet.
250 2364 284 2421 Si
296 2364 456 2440 probaverit
467 2367 603 2424 rationem
624 2365 796 2442 negotiandi,
811 2367 857 2424 vel
870 2365 1008 2434 lucrandi,
1023 2386 1107 2440 quam
1122 2366 1202 2426 dam·

112 2471 183 2521 nant
196 2461 282 2539 vulgd
296 2462 431 2540 theologi,
447 2464 532 2523 debet
545 2482 667 2522 errorem
683 2467 834 2541 corrigere,
849 2475 877 2522 et
886 2467 951 2542 jura
965 2465 1033 2522 laesa
1045 2466 1202 2540 reparanda

109 2562 236 2620 docere:
257 2581 320 2634 quae
334 2572 427 2621 tamen
441 2564 503 2640 ipse
516 2582 573 2622 non
588 2572 698 2622 tenetur
710 2564 854 2630 resarcire,
869 2565 924 2621 nisi
933 2563 1065 2621 omnibus
1079 2583 1201 2640 perpen-

109 2662 163 2729 sis,
182 2662 261 2719 visus
282 2661 319 2718 sit
340 2662 524 2738 poenitentem
542 2662 690 2740 impulisse
709 2671 737 2719 et
753 2661 957 2719 determinasse
975 2661 1010 2718 ad
1032 2662 1199 2738 injustitiam

111 2760 289 2840 patrandam,
304 2770 332 2818 et
349 2761 423 2819 mala
436 2763 550 2834 quidem
565 2761 632 2830 fide,
647 2761 692 2818 vel
706 2744 817 2818 temere
837 2779 953 2838 prorsus
966 2780 973 2816 :
996 2778 1109 2832 aequum
1121 2763 1200 2820 enirn

109 2879 170 2919 non
190 2859 301 2918 videtur
313 2869 344 2919 ut
355 2869 481 2919 teneatur
494 2863 524 2919 in
538 2862 573 2918 iis
594 2880 657 2934 quae
677 2862 753 2919 bona
772 2859 839 2929 fide,
854 2860 921 2917 licet
940 2859 1081 2934 imperite,
1096 2862 1195 2936 egerit.

110 2959 171 3017 Sed
184 2960 325 3036 principia
339 2959 374 3017 de
388 2960 554 3019 consulente
567 2959 717 3018 recolenda
729 2951 821 3026 sunt,¹
914 2964 916 2969 ’

150 3062 221 3117 232.
244 3056 422 3119 confessarii
442 3077 555 3129 munus,
575 3077 663 3132 quum
684 3057 798 3116 difficile
819 3059 856 3116 sit
876 3067 904 3114 et
925 3057 1041 3134 plenum
1065 3057 1197 3132 periculi,

112 3177 198 3216 nemo
213 3168 324 3217 tenetur
336 3160 505 3235 plerumque
524 3177 668 3227 exercere,
682 3159 732 3231 qui
749 3157 905 3216 animarum
920 3175 1013 3214 curam
1030 3175 1088 3214 non
1102 3174 1200 3214 susce·

110 3259 193 3335 perit.
236 3258 380 3317 Caeterum
400 3261 430 3317 in
456 3276 560 3336 magno
586 3258 714 3317 fidelium
734 3257 899 3316 discrimine
916 3275 1016 3314 omnes
1037 3255 1198 3315 sacerdotes

110 3367 239 3416 tenentur
251 3376 288 3416 ex
302 3358 435 3417 charitate
450 3359 610 3426 subvenire,
625 3359 650 3416 si
663 3358 821 3416 animarum
834 3365 961 3433 pastores
974 3376 1032 3415 non
1045 3357 1199 3426 sufficiant,
1221 3395 1224 3399 «

108 3457 154 3516 vel
162 3475 215 3516 suo
226 3458 337 3516 muneri
346 3457 455 3517 desint:
478 3467 505 3515 et
514 3457 597 3516 alicui
608 3457 778 3533 periclitanti
788 3456 921 3515 sacerdos
930 3457 1059 3530 quilibet,
1071 3459 1198 3533 parocho

109 3556 269 3623 deficiente,
283 3555 367 3616 debet
386 3576 560 3617 succurrere.
602 3556 748 3630 Equidem
769 3558 897 3616 muneris
921 3555 1007 3634 hujus
1029 3559 1198 3616 exercitium

108 3656 173 3714 Deo
186 3656 270 3714 valde
284 3666 393 3734 gratum
406 3666 458 3724 est,
469 3665 566 3733 utpote
574 3656 652 3731 quod
665 3676 782 3733 magnas
796 3657 885 3734 pariat
897 3653 1029 3713 fidelibus
1043 3655 1195 3712 utilitates:

109 3755 158 3813 sed
185 3757 339 3829 unicuique
366 3755 604 3816 considerandum
630 3757 699 3828 quid
725 3756 781 3814 sibi
806 3753 964 3813 conveniat.
1006 3753 1040 3810 ln
1066 3754 1196 3810 omnium

111 3855 246 3931 periculo,
258 3865 339 3932 peste
349 3865 505 3934 grassante,
517 3856 563 3914 vel
576 3855 652 3914 bello
662 3856 838 3922 imminente,
847 3853 930 3910 decet
939 3869 1056 3928 operam
1065 3861 1198 3926 praestare

112 3963 254 4014 strenuam
275 3955 405 4014 fratribus
425 3954 639 4014 subveniendis.
681 3953 838 4021 Perochus,
860 3950 905 4009 vel
926 3951 1131 4016 missionarius,
1148 3951 1198 4022 qui

111 4052 253 4113 difficilem
268 4073 299 4113 se
313 4056 418 4132 praebet
430 4056 557 4114 confiteri
571 4054 740 4121 volentibus,
754 4053 836 4111 facile
850 4058 950 4128 peccat
962 4049 1092 4126 graviter,
1107 4067 1196 4121 quum

114 4154 243 4214 omnibus
258 4155 311 4214 sibi
325 4155 488 4216 commissis
501 4155 566 4214 dare
578 4152 742 4213 occasiones
757 4171 808 4210 sua
827 4148 962 4227 expiandi
976 4158 1092 4225 peccata
1105 4158 1197 4206 tenea·

450 4360 492 4425 (l)
513 4357 576 4422 Cap.
587 4355 665 4406 ultim.
675 4353 705 4405 de
716 4354 796 4424 injur.

621 4454 658 4512 21
670 4453 687 4490 ¹⁸*
