2640 4860
331 219 533 282 canones
551 220 863 282 rmuneurrm.
1082 227 1139 284 aci
1165 196 1169 203 ’

93 388 182 458 Item,
196 387 299 448 mulier
311 397 422 466 partum
445 408 530 448 suum
551 386 674 466 perdens
693 388 850 448 voluntarie
872 396 938 451 ants
958 390 1145 469 quadraginta

51 487 126 558 dies,
149 488 290 565 poenitens
313 491 366 547 erit
384 508 491 548 annum
503 499 612 556 unum3
634 489 659 546 si
680 496 747 565 post
767 487 953 566 quadraginta
966 489 1038 558 dics,
1053 510 1143 550 annos

52 597 129 656 trcs3
144 587 169 646 si
184 605 251 647 vero
264 595 418 665 postquam
432 588 526 647 editus
539 588 625 646 estin
638 587 743 655 lucem,
758 596 891 661 tanquam
904 589 1060 648 homicida.

93 687 177 755 Quae,
192 686 308 746 sceleris
321 687 482 747 occultandi
495 705 589 756 causa,
611 687 704 746 filium
724 687 841 755 necarit,
862 688 1058 765 paenitentiam
1080 702 1146 768 aget

53 805 146 845 annos
166 786 276 845 decem.
1071 849 1081 859 ,

93 886 153 953 Qut
165 886 266 945 uolens
287 885 379 944 filium
401 886 586 964 oppresserit,
606 886 631 943 si
656 894 722 962 post
742 885 927 963 baptismum,
948 888 1145 963 poenitentiam

52 995 119 1062 aget
132 983 192 1042 dies
206 983 391 1062 quadraginta
407 986 523 1062 inpane
543 994 573 1044 et
591 1003 673 1058 aqua,
691 984 814 1043 oleribus
828 994 857 1043 et
872 985 1077 1063 leguminibus3
1099 987 1145 1044 ab·

54 1085 171 1142 stiuebit
192 1084 228 1142 ab
245 1102 335 1143 uxore
348 1084 411 1143 dies
424 1083 559 1154 totidem3
580 1083 681 1142 deinde
695 1084 835 1160 poenitens
848 1085 902 1143 erit
919 1094 976 1143 tres
990 1104 1079 1144 annos
1094 1104 1145 1162 per

51 1184 195 1260 legitimas
208 1183 304 1242 ferias.
346 1184 379 1242 Si
393 1193 458 1243 ante
477 1184 662 1261 baptismum,
678 1183 861 1262 quadraginta
875 1184 947 1252 dies,
960 1194 992 1243 ut
1004 1203 1099 1262 supra,
1113 1194 1144 1243 et

55 1283 244 1356 quinquennii
256 1291 393 1360 preterea
405 1283 601 1361 poenitentiam
613 1284 750 1360 explebit.

96 1381 191 1459 Cujus
203 1382 338 1461 parvulus
349 1383 412 1443 sine
422 1383 563 1460 baptismo
572 1400 624 1459 per
632 1383 836 1460 negligentiam
846 1383 973 1452 moritur,
985 1392 1042 1441 tres
1056 1401 1146 1442 annos

55 1482 202 1558 peniteat,
215 1500 306 1540 unum
319 1481 348 1540 iu
362 1501 435 1559 pane
449 1493 478 1540 et
490 1501 577 1555 aqua.

97 1579 191 1658 Cujus
203 1580 338 1658 parvulus
352 1581 414 1640 sine
428 1581 662 1640 Confirmationis
672 1590 849 1639 sacramento
863 1580 990 1649 moritur,
1001 1591 1145 1658 parentes,

57 1697 178 1752 quorum
193 1679 364 1758 negligentia
376 1679 405 1738 id
417 1680 523 1739 factum
537 1689 590 1749 est,
604 1680 798 1756 poenitentiam
813 1689 898 1757 agent
910 1699 1001 1738 annos
1015 1691 1081 1739 tres.

98 1779 132 1837 si
145 1780 219 1853 quis,
234 1776 384 1857 explendos
397 1799 482 1839 causa
494 1778 630 1847 libidinis,
651 1779 697 1837 vel
717 1779 775 1838 odii
789 1777 982 1847 meditatione,
995 1789 1096 1839 utnon
1110 1799 1148 1838 ex

58 1896 93 1936 eo
118 1878 231 1937 soboles
256 1889 397 1948 nascatur,
425 1879 535 1938 homini
562 1888 609 1938 aut
634 1879 746 1937 mulieri
769 1878 877 1953 aliquid
902 1881 1012 1948 feccrit,
1039 1879 1084 1938 vel
1111 1879 1146 1938 ad

58 1978 214 2054 potandum
228 1978 345 2048 dederit,
366 1988 468 2037 utnon
481 1980 573 2056 possit
593 1996 738 2056 generare,
761 1988 808 2037 aut
827 1979 990 2056 concipere,
1004 1979 1150 2038 homicida

59 2086 196 2136 teneatur.

98 2177 157 2244 Qui
169 2195 288 2235 uxorem
309 2176 453 2246 occiderit,
476 2185 524 2235 aut
545 2179 751 2237 monasterium
770 2177 942 2256 ingrediatur
955 2179 1149 2255 poenitentiam

59 2284 228 2354 perpetuam
242 2285 365 2345 acturus,
380 2285 427 2334 aut
439 2287 539 2336 cuneta
552 2278 667 2355 negotia
679 2278 824 2335 saecularia
837 2278 994 2345 dimittens,
1008 2287 1149 2356 perpetuo

60 2376 201 2434 abstineat
221 2395 237 2434 a
258 2377 352 2443 carne,
375 2375 525 2453 sagimine,
545 2377 623 2444 vino,
645 2376 770 2444 melone,
792 2377 919 2443 mellina,
939 2377 1087 2444 cerevisia,
1101 2394 1150 2434 ex·

60 2475 152 2553 ceptis
178 2474 276 2534 dicbus
302 2475 515 2534 resurrectionis
540 2486 570 2534 et
594 2475 753 2533 nativitatis
779 2474 917 2542 Domini3
944 2493 1064 2532 uxorein
1091 2493 1150 2532 non

58 2573 155 2642 ducat,
171 2585 226 2633 etc.
240 2575 270 2633 in
284 2574 341 2633 fine
355 2583 463 2633 tantum
476 2577 541 2634 vitse
555 2574 767 2634 Eucharistiam
781 2575 911 2651 accipiet.

99 2675 134 2731 Si
148 2674 252 2733 mulier
264 2675 396 2734 maritum
409 2693 503 2742 suum,
517 2693 601 2733 causa
615 2673 817 2741 fornicationis,
837 2690 950 2731 veneno
964 2671 1150 2738 interfecerit,

59 2782 108 2832 aut
121 2791 300 2846 quacumque
314 2783 373 2833 arte
386 2775 527 2852 perimere
539 2774 615 2841 lucit,
630 2772 767 2831 saeculum
780 2764 930 2846 relinquat,
943 2779 972 2829 et
992 2771 1022 2828 iu
1036 2789 1152 2830 monas·

60 2874 132 2932 terio
146 2873 290 2952 poenitest.

100 2973 160 3040 Qui
173 2983 293 3031 mortem
307 2972 361 3030 sibi
374 2971 554 3040 consciverit,
569 2990 620 3049 pro
634 2989 668 3028 eo
681 2971 759 3028 nulla
769 2971 798 3028 in
811 2971 908 3029 Missa
918 2969 1152 3028 commemoratio

61 3072 120 3140 liat,
135 3090 229 3145 neque
243 3090 309 3131 cum
323 3071 447 3130 Psalmis
461 3071 581 3130 cadaver
593 3071 655 3148 ejus
669 3071 831 3147 sepeliatur.

101 3172 135 3229 Si
155 3171 220 3244 quis
241 3180 344 3248 sponte
367 3171 513 3230 hominem
533 3169 679 3237 occiderit,
701 3169 734 3228 ad
752 3171 870 3248 januam
884 3168 1026 3227 Ecclesiae
1040 3186 1155 3245 semper

61 3271 125 3338 erit,
147 3280 176 3328 et
197 3272 228 3329 in
251 3271 329 3330 obitu
349 3270 581 3329 communionem
594 3269 731 3346 recipiet3
753 3271 778 3328 si
801 3289 869 3328 casu
884 3269 1002 3337 necarit,
1017 3270 1155 3345 poeniten·

62 3370 130 3428 tiam
145 3379 211 3447 aget
223 3388 312 3428 annos
325 3378 447 3448 septem.

102 3469 137 3527 Si
150 3471 215 3542 quis
229 3469 375 3528 hominem
389 3487 491 3527 necare
505 3468 636 3536 voluerit,
657 3486 752 3542 neque
773 3466 828 3527 hoc
842 3467 934 3525 scelus
949 3476 1059 3544 patrare
1073 3475 1154 3542 potu·

62 3568 126 3636 erit,
141 3577 173 3627 ut
184 3568 337 3637 homicida,
352 3569 518 3646 poenitentia
531 3568 679 3627 afficietur.

103 3667 137 3725 si
150 3669 216 3742 quis
229 3670 364 3743 peritam
378 3668 510 3736 subitam,
531 3677 579 3724 aut
600 3686 651 3743 per
664 3667 756 3724 rixam
770 3663 916 3721 hominem
929 3661 1082 3727 necaverit,
1096 3679 1155 3736 poe-

61 3766 213 3826 nitentiam
226 3776 291 3844 aget
304 3785 393 3827 annos
407 3775 473 3836 tres,

103 3867 138 3925 Si
158 3867 234 3940 quis,
252 3868 337 3944 jussu
355 3866 476 3935 domini,
500 3863 686 3924 homicidium
700 3860 874 3937 perpetrarit,
895 3858 957 3917 dies
971 3856 1156 3933 quadraginta

61 3967 92 4024 in
106 3984 181 4044 pane
195 3976 224 4024 et
242 3984 326 4039 aqua,
350 3975 378 4024 et
398 3975 517 4042 praetera
536 3971 646 4040 septem
666 3979 754 4019 annos
775 3967 928 4031 sequentes
951 3975 1002 4032 per
1014 3956 1156 4032 legitimas

60 4065 148 4124 series
157 4065 310 4144 jejunabit.

101 4164 163 4232 Qui
176 4163 326 4224 homicidii
340 4172 435 4224 auctor
447 4164 502 4223 luit
521 4163 557 4221 ob
580 4159 731 4219 consilium
747 4157 823 4231 quod
845 4156 936 4225 dedit,
959 4154 1013 4215 erit
1025 4154 1055 4216 iu
1068 4154 1157 4233 poeni·
