2640 4860
109 380 170 439 ³8⁴
306 372 365 435 DE
384 368 707 434 lMPEDIMEN'I'IS
727 370 1007 432 MATRIMONII.

104 543 185 622 jugis
207 542 323 600 nomina
346 541 481 606 invisunt,
501 539 555 597 etsi
576 538 637 596 alia
659 556 726 596 cum
747 538 851 611 quibus
866 540 929 617 jam
950 550 1160 600 consueremnt
1168 542 1191 599 10

109 641 182 699 rivis
202 638 316 717 degant,
337 640 383 697 rol
402 638 438 697 de
457 657 554 697 esrum
575 650 666 697 morte
686 656 745 696 non
766 648 898 706 constan
925 638 978 697 sed
998 639 1152 700 curandum
1168 651 1192 696 ut

110 758 208 798 rerum
222 758 288 798 cum
302 739 350 798 illa
364 740 472 797 ineatur
484 737 661 815 conjugium.

153 843 222 896 142.
243 838 278 897 In
291 838 437 897 nonnullis
456 837 582 896 statibus
602 836 780 895 matrimonia
799 838 872 895 inter
893 836 1029 896 homines
1044 838 1101 897 albi
1114 848 1140 896 et
1151 856 1191 895 eos

110 939 161 1012 qui
176 938 249 1014 nigri
262 948 329 996 mut
340 938 443 996 coloris
456 936 520 1013 lege
533 935 728 1014 probibentur,
743 946 772 993 et
784 937 861 994 irrita
874 935 1025 995 habentur.
1069 937 1127 995 Sed
1137 936 1190 1015 lege

112 1037 253 1096 Ecclesia
263 1037 365 1104 valent,
375 1037 549 1108 ubicumque
562 1054 621 1094 non
631 1045 761 1093 occurrat
773 1035 884 1094 servilis
898 1035 1073 1095 conditionis
1086 1036 1192 1114 impedi·

113 1148 252 1195 mentum.
274 1137 307 1194 si
319 1136 465 1213 contingat
477 1135 593 1206 aliquod
607 1135 681 1203 iniri,
695 1142 842 1206 nequeunt
855 1133 1001 1211 prohiberi
1014 1137 1188 1195 sacramentis

112 1236 149 1293 ob
162 1235 234 1313 legis
249 1236 376 1302 ratitum,
390 1235 436 1293 vel
449 1234 592 1311 publicam
606 1235 790 1310 opinionem
805 1253 871 1292 nam
883 1244 1002 1293 utuntur
1009 1237 1078 1313 jure
1088 1247 1190 1300 nature,
1235 1214 1237 1251 Ι

113 1334 248 1393 Ecclesia
261 1333 337 1392 baud
354 1333 529 1410 prohibente.

156 1438 223 1492 143.
252 1433 322 1493 Jure
342 1433 419 1491 cirili
441 1433 556 1491 libertas
578 1433 647 1492 olim
670 1432 869 1504 acquirebatur
890 1432 1085 1491 matrimonio.
1125 1434 1147 1492 1.
1166 1433 1192 1490 Si

113 1531 247 1590 dominus
267 1532 359 1590 dotale
379 1533 597 1591 instrumentum
619 1532 769 1590 contulerit
787 1531 898 1589 ancillae
919 1526 1123 1591 contrahenti.¹
1159 1533 1191 1590 11.

113 1630 237 1697 Quando
259 1631 393 1690 domiuus
415 1632 546 1690 ancillam
566 1632 595 1689 in
617 1633 768 1709 conjugem
795 1630 962 1706 accipiebat.
1006 1632 1063 1690 III.
1085 1631 1192 1699 Quando

111 1729 246 1789 dominus
272 1749 384 1790 servam
411 1732 593 1789 matrimonio
612 1730 726 1790 tradidit
745 1731 825 1788 alteri
844 1730 936 1788 libero
955 1733 1122 1790 servitutem
1141 1732 1192 1808 ejus

113 1824 281 1907 ignoranti.¹

155 1933 222 1987 144.
251 1927 359 1988 Votum
371 1929 500 1988 solemne
513 1929 648 1988 casdtatis
669 1947 706 1987 ex
727 1928 791 2005 lege
811 1928 951 1987 Ecclesiae
965 1930 1043 1987 obex
1056 1939 1101 1988 est
1113 1931 1194 1989 matri·

113 2030 202 2087 monii
218 2029 323 2087 valoti:
344 2038 478 2087 statutum
492 2038 546 2095 eat,
560 2028 680 2096 scilicet,
700 2047 766 2086 euru
781 2028 829 2100 qni
844 2038 921 2086 tanto
935 2028 1053 2087 vinculo
1067 2049 1098 2087 se
1112 2029 1193 2107 palam

113 2125 301 2186 adstrinxerat
320 2126 395 2193 Deo,
417 2145 475 2185 non
501 2145 589 2204 posse
610 2128 776 2206 conjuginm
806 2127 888 2184 inire.
941 2119 1050 2186 Votum
1077 2128 1194 2188 solemne

111 2222 223 2292 dicitur,
250 2224 327 2298 quod
348 2225 378 2282 in
404 2224 541 2301 religione
562 2227 680 2301 probata
699 2227 845 2293 emittitur,
872 2238 901 2282 et
920 2225 951 2284 10
970 2238 1144 2304 perpetuum
1163 2230 1192 2285 ab

112 2320 246 2381 Ecclesia
267 2333 441 2399 acceptatur,
469 2321 541 2382 adeo
566 2333 599 2381 ut
622 2343 678 2383 000
710 2325 842 2403 professo
869 2324 954 2384 liceat
978 2327 1124 2396 recedere,
1150 2345 1195 2386 nec

111 2421 252 2498 superiori
274 2440 340 2480 eum
359 2439 485 2496 unquam
507 2423 659 2482 dimittere.
701 2423 787 2492 illud,
807 2426 884 2483 sicut
895 2435 925 2482 et
937 2424 1068 2485 ordinem
1082 2445 1196 2492 sacmm.

111 2521 224 2580 obstare
244 2521 333 2581 valori
353 2523 537 2591 matrimonii,
558 2541 596 2581 ex
613 2524 740 2600 pluribus
754 2519 940 2592 canonibus,³
954 2533 983 2581 et
996 2528 1153 2601 prasertim
1166 2545 1197 2583 es

113 2622 236 2680 concilio
250 2618 435 2680 Tridentino⁴
448 2632 568 2687 constat.
610 2622 717 2680 Votum
738 2623 862 2699 simplex
875 2625 1014 2681 castitatis
1029 2626 1059 2684 in
1072 2627 1197 2684 societate

112 2719 184 2778 Jesn
199 2733 265 2798 post
277 2723 424 2781 biennium
448 2724 581 2798 tyrocinii
602 2723 749 2791 emissum,
774 2741 811 2780 ex
830 2723 895 2799 lege
917 2724 1048 2800 speciali,
1064 2726 1156 2783 obstat
1168 2744 1198 2783 ne

113 2820 205 2878 valeat
219 2823 426 2881 matrimonium
442 2842 457 2879 a
471 2834 591 2881 vovente
605 2822 740 2898 deinceps
754 2819 883 2880 1011001.ὅ
913 2824 1003 2881 “Εο0
1018 2826 1069 2896 qui
1082 2826 1198 2883 scienter

114 2960 120 2974 .
137 2961 165 2976 ..
181 2939 245 2977 cum
267 2921 436 2980 monialibus
457 2922 622 2980 contrahere
637 2921 878 2980 matrimonialiter
891 2940 949 2979 non
963 2935 1116 2992 verentur;
1139 2943 1198 2982 nec·

106 3036 170 3075 -000
184 3019 360 3097 Religiosos‚
385 3030 413 3078 et
433 3021 581 3089 monialeS,
605 3041 637 3078 ac
657 3022 777 3080 clericos
791 3022 820 3078 10
835 3022 923 3079 sacris
937 3022 1085 3082 ordinibus
1099 3026 1198 3082 consti·

114 3127 187 3175 tutos
214 3121 395 3178 matrimonia
420 3122 620 3179 contrahentes
722 3121 1030 3180 excommunicationis
1059 3125 1198 3182 sententie

112 3216 176 3290 ipso
190 3217 264 3276 facto
277 3219 446 3295 subjacere”
462 3219 589 3278 decrevit
601 3219 740 3279 Clemens
753 3221 791 3276 V.
807 3239 882 3278 anno
899 3210 1004 3279 1311.ο

155 3318 221 3372 145.
246 3316 408 3393 CognatiO,
433 3320 493 3376 sive
513 3319 624 3396 legalis,
646 3321 706 3376 01νο
720 3319 886 3397 spiritualis,
901 3321 995 3378 obstat
1008 3322 1099 3380 valoti
1113 3323 1199 3381 matri·

111 3413 211 3469 monii.
233 3413 360 3490 Legnlis
371 3414 473 3473 dicitur
483 3435 545 3488 qnae
555 3419 619 3493 lege
630 3418 744 3476 inducta
753 3430 797 3477 est
807 3420 843 3476 ob
854 3418 1037 3494 adoptionem
1049 3421 1197 3497 perfectam

111 3510 232 3588 alicujus
246 3514 275 3570 in
288 3512 379 3570 filium
400 3514 445 3570 vel
468 3515 568 3581 filiam,
590 3535 657 3603 cum
676 3519 740 3593 jure
755 3519 936 3577 haereditatis.
978 3519 1050 3577 Jure
1066 3522 1198 3579 canonico

110 3610 248 3689 adoptans
274 3613 374 3685 nequit
405 3611 509 3672 ducere
533 3615 561 3673 10
592 3634 711 3674 uxorem
743 3637 829 3690 qnam
860 3618 889 3675 in
923 3617 1012 3676 filiam
1041 3619 1197 3698 adoptavit;

108 3730 161 3771 nec
187 3723 280 3790 potest
306 3715 518 3773 matrimonium
539 3715 603 3775 iniri
624 3718 697 3775 inter
722 3717 885 3794 adoptatum
910 3725 939 3774 et
963 3737 1086 3778 uxorem
1114 3719 1196 3794 adop

109 3815 203 3882 tantis,
219 3816 264 3874 rel
277 3815 362 3885 filios,
378 3816 513 3888 quamdiu
526 3816 624 3895 patriae
646 3817 776 3893 potestati
788 3816 979 3893 subjiciuntur
989 3814 1013 3874 :⁷
1033 3818 1085 3876 sed
1099 3837 1193 3892 quum,

145 4000 187 4063 (1)
207 3999 237 4049 L.
248 4016 291 4051 un.
302 4016 324 4051 o.
335 4001 365 4053 de
376 4002 455 4054 Latin
467 4001 547 4056 libert.
632 4005 674 4070 (2)
692 4001 811 4053 Anthene
822 4003 863 4052 Ad
874 4002 933 4054 hac.
944 4017 966 4052 0.
977 4002 1007 4053 de
1018 4003 1100 4054 Latin
1111 4003 1186 4057 libert.

145 4083 188 4149 (3)
208 4082 263 4132 Lat.
274 4083 290 4133 i.
301 4100 354 4149 cap.
364 4087 415 4136 xxi.
427 4092 452 4136 et
463 4086 517 4137 Lat
528 4087 553 4138 ii.
565 4104 585 4138 c.
597 4087 639 4138 rii.
649 4093 674 4137 et
685 4104 737 4154 cap.
748 4104 792 4138 un.
802 4087 832 4139 de
843 4091 903 4138 outo.
915 4087 942 4136 in
954 4090 979 4136 6.

146 4164 175 4228 (4
208 4166 273 4215 Sese.
284 4168 351 4218 xxiv.
363 4185 417 4219 cen.
426 4170 460 4219 ix.

144 4167 188 4313 (51
207 4251 270 4300 Vide
281 4254 372 4304 bullam
384 4255 457 4318 Greg.
468 4257 537 4308 XIII.
550 4258 701 4309 ascendente
713 4258 832 4309 Domino.

143 4332 186 4398 (6)
208 4334 287 4385 clem.
298 4335 328 4386 de
339 4340 568 4408 consanguinitate.
637 4345 680 4409 (7)
701 4343 763 4408 Cap.
774 4343 840 4394 unic.
852 4342 881 4394 de
891 4345 971 4393 munt.
981 4341 1066 4410 legati.
