2640 4860
353 1323 682 1402 TRAGTATUS
725 1326 857 1403 XXII.

390 1586 455 1650 DE
478 1586 832 1652 MATRIMONIO.

508 2067 650 2128 CAPUT
670 2068 695 2128 1.

466 2299 506 2339 DE
527 2301 733 2343 srortsamnus.

374 2478 400 2553 §.
414 2480 439 2538 l.
481 2479 557 2546 Qum
579 2496 647 2537 siun
665 2495 832 2537 secusium.

100 2664 127 2718 l.
149 2658 320 2717 Sronunra
340 2665 406 2715 sunt
418 2657 572 2735 promissio
592 2665 690 2715 mutua
702 2664 731 2714 st
750 2654 878 2732 legitima
897 2655 1009 2715 matrim
1051 2732 1071 2743 μ
1144 2644 1201 2721 's
1297 2702 1300 2711 .

58 2760 97 2818 uti
106 2761 158 2836 jus
172 2757 259 2816 habet
271 2755 372 2814 civile:
396 2756 582 2834 “sponsalia
595 2764 661 2814 sunt
674 2753 780 2813 mentio
793 2763 822 2812 et
834 2755 1022 2831 repromissio
1051 2756 1072 2767 ''
1109 2826 1114 2833 Ι

57 2877 121 2916 rum
134 2850 342 2916 futurarum-”¹
382 2855 424 2913 Ut
435 2856 555 2923 valcant,
570 2872 658 2913 cerus
679 2869 840 2914 consensus
861 2852 1023 2927 requiritur,
1038 2844 1148 2916 scilicet

58 2958 171 3017 animus
186 2973 218 3013 se
238 2953 382 3032 obligandi
395 2972 447 3030 per
465 2955 560 3023 verba,
575 2954 620 3012 vel
639 2954 694 3014 alia
713 2955 796 3031 signa
818 2960 945 3020 externa,
959 2951 1100 3012 indicatus
1119 2969 1148 3015 et

57 3064 230 3132 acceptatur.
272 3054 331 3121 Qui
351 3052 460 3112 nullum
481 3053 570 3113 animi
589 3054 696 3112 serium
718 3053 894 3130 propositum
920 3051 1145 3128 praeseferentes,

58 3153 156 3213 dicunt
175 3172 207 3212 se
233 3153 351 3212 inituros
374 3153 596 3221 matrimonium,
616 3152 701 3229 plane
722 3170 781 3211 non
800 3150 969 3210 contrahunt
990 3151 1145 3228 sponsalia,

59 3255 127 3325 quia
140 3271 224 3311 verus
237 3270 395 3311 consensus
404 3252 522 3310 omnino
537 3250 625 3309 deest
651 3251 684 3310 Si
698 3251 828 3310 alteruter
836 3251 924 3327 fingat
933 3270 965 3310 se
976 3253 1146 3323 consentire,

59 3351 146 3411 altero
161 3369 227 3409 vere
240 3351 447 3419 consentiente,
461 3351 540 3410 nulla
552 3358 619 3408 sunt
631 3350 776 3428 sponsalia
787 3369 795 3418 ;
815 3350 919 3429 injuria
932 3359 1036 3421 autem,
1051 3353 1077 3410 si
1090 3370 1146 3426 qua
1207 3390 1212 3397 -

59 3450 123 3508 inde
137 3459 199 3508 orta
208 3450 255 3518 sit,
266 3449 424 3527 reparanda
436 3460 498 3509 est:
520 3449 680 3509 “Tenetur
693 3448 843 3525 quidem,”
858 3449 951 3524 inquit
970 3453 1002 3510 S.
1018 3451 1147 3528 Alphon·

59 3568 117 3618 sus,
134 3557 154 3584 ‘⁴
165 3559 264 3626 postea
283 3550 391 3608 ratione
404 3548 581 3627 deceptionis
602 3549 705 3608 damna
723 3551 875 3608 resarcire:
891 3549 941 3608 sed
959 3568 1017 3608 non
1036 3559 1148 3610 tenetur

58 3649 165 3708 ratione
189 3649 389 3724 promissionis
411 3666 510 3707 verum
536 3667 709 3708 consensum
736 3665 853 3725 ponere,
880 3655 909 3705 et
933 3649 1146 3707 matrimonium

58 3747 233 3805 contrahere.
268 3747 358 3805 Secus
381 3766 450 3805 vero
476 3746 630 3806 dicendum
650 3748 675 3804 si
696 3744 880 3804 intervenerit
900 3744 1058 3811 defloratio,
1080 3747 1148 3818 quia

59 3856 124 3904 tunc
138 3845 280 3904 deflorans
294 3847 412 3905 omnino
427 3855 537 3906 tenetur
549 3846 584 3905 ad
598 3845 820 3912 matrimonium,
830 3862 894 3901 cum
909 3861 966 3902 non
981 3843 1073 3919 possit
1079 3853 1145 3902 tunc

59 3945 112 4003 alia
122 3947 169 4004 via
181 3955 225 4002 sat
238 3944 439 4019 aequivalenter
452 3944 587 4005 damnum
600 3936 788 4003 resarcirem
827 3940 945 4008 Quoties
956 3960 993 3999 ex
1007 3939 1145 4018 adjunctis

58 4042 133 4102 fictio
146 4043 230 4102 facile
244 4045 397 4122 conjicitur
410 4054 438 4103 et
451 4045 600 4122 detegitur,
614 4043 657 4101 vis
676 4041 756 4101 nulla
775 4040 957 4117 sponsalibus
981 4041 1065 4108 inest,
1079 4040 1146 4098 licet

59 4141 126 4237 alter
138 4161 239 4220 reapse
253 4163 311 4202 non
326 4145 487 4222 suspicetur
505 4142 643 4202 fraudem.
686 4141 745 4208 Qui
758 4140 844 4218 igitur
863 4139 967 4216 opibus
988 4136 1144 4206 abundans,

177 4320 220 4386 (1)
239 4318 517 4387 centemnunt.
789 4317 831 4384 (a)
851 4314 1028 4366 nunnae.
1061 4288 1069 4303 ’
