<?xml version="1.0" encoding="UTF-8"?>
<!DOCTYPE html PUBLIC "-//W3C//DTD XHTML 1.0 Transitional//EN"
    "http://www.w3.org/TR/xhtml1/DTD/xhtml1-transitional.dtd">
<html xmlns="http://www.w3.org/1999/xhtml" xml:lang="en" lang="en">
 <head>
  <title>
</title>
<meta http-equiv="Content-Type" content="text/html;charset=utf-8" />
  <meta name='ocr-system' content='tesseract 3.04.00' />
  <meta name='ocr-capabilities' content='ocr_page ocr_carea ocr_par ocr_line ocrx_word'/>
</head>
<body>
  <div class='ocr_page' id='page_1' title='image "./theologiaemoral01kenrgoog_0072.png"; bbox 0 0 2640 4860; ppageno 0'>
   <div class='ocr_carea' id='block_1_1' title="bbox 441 358 1175 423">
    <p class='ocr_par' dir='ltr' id='par_1_1' title="bbox 441 358 1175 423">
     <span class='ocr_line' id='line_1_1' title="bbox 441 358 1175 423; baseline 0.005 -5"><span class='ocrx_word' id='word_1_1' title='bbox 441 358 498 419; x_wconf 80' lang='lat' dir='ltr'>DE</span> <span class='ocrx_word' id='word_1_2' title='bbox 522 360 814 423; x_wconf 77' lang='lat' dir='ltr'>BAPTlZfiNDlS.</span> <span class='ocrx_word' id='word_1_3' title='bbox 1136 367 1175 422; x_wconf 75' lang='lat' dir='ltr'>tt</span> 
     </span>
    </p>
   </div>
   <div class='ocr_carea' id='block_1_2' title="bbox 80 525 1181 2785">
    <p class='ocr_par' dir='ltr' id='par_1_2' title="bbox 80 525 1177 1181">
     <span class='ocr_line' id='line_1_2' title="bbox 81 525 1175 606; baseline 0.002 -16"><span class='ocrx_word' id='word_1_4' title='bbox 81 532 151 590; x_wconf 86' lang='lat' dir='ltr'>licet</span> <span class='ocrx_word' id='word_1_5' title='bbox 162 528 293 586; x_wconf 84' lang='lat' dir='ltr'>membra</span> <span class='ocrx_word' id='word_1_6' title='bbox 304 526 361 584; x_wconf 87' lang='lat' dir='ltr'>sint</span> <span class='ocrx_word' id='word_1_7' title='bbox 379 525 486 594; x_wconf 76' lang='lat' dir='ltr'>scrinea</span> <span class='ocrx_word' id='word_1_8' title='bbox 507 527 560 585; x_wconf 87' lang='lat' dir='ltr'>sub</span> <span class='ocrx_word' id='word_1_9' title='bbox 579 526 742 587; x_wconf 86' lang='lat' dir='ltr'>conditione</span> <span class='ocrx_word' id='word_1_10' title='bbox 761 526 838 596; x_wconf 84' lang='lat' dir='ltr'>verd,</span> <span class='ocrx_word' id='word_1_11' title='bbox 852 528 878 586; x_wconf 94' lang='lat' dir='ltr'>si</span> <span class='ocrx_word' id='word_1_12' title='bbox 891 538 976 606; x_wconf 92' lang='lat' dir='ltr'>caput</span> <span class='ocrx_word' id='word_1_13' title='bbox 988 531 1026 588; x_wconf 91' lang='lat' dir='ltr'>sit</span> <span class='ocrx_word' id='word_1_14' title='bbox 1042 531 1175 602; x_wconf 89' lang='lat' dir='ltr'>ferinum,</span> 
     </span>
     <span class='ocr_line' id='line_1_3' title="bbox 80 623 1173 706; baseline 0.005 -19"><span class='ocrx_word' id='word_1_15' title='bbox 80 638 109 687; x_wconf 90' lang='lat' dir='ltr'>et</span> <span class='ocrx_word' id='word_1_16' title='bbox 131 627 261 686; x_wconf 88' lang='lat' dir='ltr'>membra</span> <span class='ocrx_word' id='word_1_17' title='bbox 280 624 422 692; x_wconf 88' lang='lat' dir='ltr'>humaua;</span> <span class='ocrx_word' id='word_1_18' title='bbox 444 623 500 684; x_wconf 91' lang='lat' dir='ltr'>hoc</span> <span class='ocrx_word' id='word_1_19' title='bbox 514 624 580 684; x_wconf 80' lang='lat' dir='ltr'>verb</span> <span class='ocrx_word' id='word_1_20' title='bbox 607 627 632 684; x_wconf 85' lang='lat' dir='ltr'>si</span> <span class='ocrx_word' id='word_1_21' title='bbox 652 625 788 702; x_wconf 90' lang='lat' dir='ltr'>prodierit</span> <span class='ocrx_word' id='word_1_22' title='bbox 800 645 837 685; x_wconf 87' lang='lat' dir='ltr'>ex</span> <span class='ocrx_word' id='word_1_23' title='bbox 858 647 1013 706; x_wconf 80' lang='lat' dir='ltr'>congressu</span> <span class='ocrx_word' id='word_1_24' title='bbox 1034 631 1089 688; x_wconf 86' lang='lat' dir='ltr'>viri</span> <span class='ocrx_word' id='word_1_25' title='bbox 1108 649 1173 692; x_wconf 87' lang='lat' dir='ltr'>cum</span> 
     </span>
     <span class='ocr_line' id='line_1_4' title="bbox 82 723 1174 811; baseline 0.003 -25"><span class='ocrx_word' id='word_1_26' title='bbox 82 727 205 786; x_wconf 84' lang='lat' dir='ltr'>semina:</span> <span class='ocrx_word' id='word_1_27' title='bbox 228 742 294 783; x_wconf 91' lang='lat' dir='ltr'>uam</span> <span class='ocrx_word' id='word_1_28' title='bbox 309 723 334 780; x_wconf 88' lang='lat' dir='ltr'>si</span> <span class='ocrx_word' id='word_1_29' title='bbox 348 723 487 801; x_wconf 87' lang='lat' dir='ltr'>prodierit</span> <span class='ocrx_word' id='word_1_30' title='bbox 499 726 605 783; x_wconf 85' lang='lat' dir='ltr'>exviro</span> <span class='ocrx_word' id='word_1_31' title='bbox 618 743 683 783; x_wconf 90' lang='lat' dir='ltr'>cum</span> <span class='ocrx_word' id='word_1_32' title='bbox 697 725 787 782; x_wconf 91' lang='lat' dir='ltr'>bestia</span> <span class='ocrx_word' id='word_1_33' title='bbox 800 723 890 805; x_wconf 92' lang='lat' dir='ltr'>(quod</span> <span class='ocrx_word' id='word_1_34' title='bbox 902 728 1068 787; x_wconf 79' lang='lat' dir='ltr'>incredibile</span> <span class='ocrx_word' id='word_1_35' title='bbox 1081 729 1174 811; x_wconf 91' lang='lat' dir='ltr'>puto‚)</span> 
     </span>
     <span class='ocr_line' id='line_1_5' title="bbox 81 821 1175 902; baseline 0.005 -18"><span class='ocrx_word' id='word_1_36' title='bbox 81 835 147 884; x_wconf 90' lang='lat' dir='ltr'>tunc</span> <span class='ocrx_word' id='word_1_37' title='bbox 166 823 306 902; x_wconf 84' lang='lat' dir='ltr'>baptizari</span> <span class='ocrx_word' id='word_1_38' title='bbox 325 840 442 900; x_wconf 80' lang='lat' dir='ltr'>semper</span> <span class='ocrx_word' id='word_1_39' title='bbox 463 821 578 882; x_wconf 81' lang='lat' dir='ltr'>deberet</span> <span class='ocrx_word' id='word_1_40' title='bbox 595 823 648 881; x_wconf 85' lang='lat' dir='ltr'>sub</span> <span class='ocrx_word' id='word_1_41' title='bbox 668 823 850 894; x_wconf 90' lang='lat' dir='ltr'>conditione;</span> <span class='ocrx_word' id='word_1_42' title='bbox 871 844 956 885; x_wconf 87' lang='lat' dir='ltr'>secus</span> <span class='ocrx_word' id='word_1_43' title='bbox 969 829 995 886; x_wconf 93' lang='lat' dir='ltr'>si</span> <span class='ocrx_word' id='word_1_44' title='bbox 1009 844 1048 886; x_wconf 80' lang='lat' dir='ltr'>ex</span> <span class='ocrx_word' id='word_1_45' title='bbox 1065 829 1175 889; x_wconf 89' lang='lat' dir='ltr'>femina</span> 
     </span>
     <span class='ocr_line' id='line_1_6' title="bbox 83 922 1177 999; baseline 0.005 -16"><span class='ocrx_word' id='word_1_46' title='bbox 83 935 111 984; x_wconf 88' lang='lat' dir='ltr'>et</span> <span class='ocrx_word' id='word_1_47' title='bbox 123 925 219 992; x_wconf 89' lang='lat' dir='ltr'>bruto,</span> <span class='ocrx_word' id='word_1_48' title='bbox 234 933 301 981; x_wconf 90' lang='lat' dir='ltr'>tnnc</span> <span class='ocrx_word' id='word_1_49' title='bbox 315 924 392 981; x_wconf 90' lang='lat' dir='ltr'>enim</span> <span class='ocrx_word' id='word_1_50' title='bbox 408 922 489 981; x_wconf 90' lang='lat' dir='ltr'>nullo</span> <span class='ocrx_word' id='word_1_51' title='bbox 502 922 588 981; x_wconf 91' lang='lat' dir='ltr'>modo</span> <span class='ocrx_word' id='word_1_52' title='bbox 607 922 819 999; x_wconf 88' lang='lat' dir='ltr'>baptizandum,</span> <span class='ocrx_word' id='word_1_53' title='bbox 834 925 970 996; x_wconf 90' lang='lat' dir='ltr'>quianon</span> <span class='ocrx_word' id='word_1_54' title='bbox 990 926 1177 988; x_wconf 78' lang='lat' dir='ltr'>descenderet</span> 
     </span>
     <span class='ocr_line' id='line_1_7' title="bbox 81 1017 1174 1098; baseline 0.005 -16"><span class='ocrx_word' id='word_1_55' title='bbox 81 1043 118 1082; x_wconf 84' lang='lat' dir='ltr'>ex</span> <span class='ocrx_word' id='word_1_56' title='bbox 132 1021 237 1091; x_wconf 85' lang='lat' dir='ltr'>Adam,</span> <span class='ocrx_word' id='word_1_57' title='bbox 251 1029 349 1097; x_wconf 82' lang='lat' dir='ltr'>utpote</span> <span class='ocrx_word' id='word_1_58' title='bbox 369 1040 428 1082; x_wconf 92' lang='lat' dir='ltr'>non</span> <span class='ocrx_word' id='word_1_59' title='bbox 447 1030 618 1098; x_wconf 89' lang='lat' dir='ltr'>conceptum</span> <span class='ocrx_word' id='word_1_60' title='bbox 639 1040 677 1081; x_wconf 86' lang='lat' dir='ltr'>ex</span> <span class='ocrx_word' id='word_1_61' title='bbox 696 1022 807 1081; x_wconf 87' lang='lat' dir='ltr'>semine</span> <span class='ocrx_word' id='word_1_62' title='bbox 826 1024 901 1082; x_wconf 84' lang='lat' dir='ltr'>virili</span> <span class='ocrx_word' id='word_1_63' title='bbox 913 1017 959 1081; x_wconf 87' lang='lat'>.”¹</span> <span class='ocrx_word' id='word_1_64' title='bbox 1000 1024 1174 1087; x_wconf 80' lang='lat' dir='ltr'>consulatur</span> 
     </span>
     <span class='ocr_line' id='line_1_8' title="bbox 84 1122 432 1181; baseline -0.003 -1"><span class='ocrx_word' id='word_1_65' title='bbox 84 1132 112 1180; x_wconf 87' lang='lat' dir='ltr'>et</span> <span class='ocrx_word' id='word_1_66' title='bbox 125 1122 243 1181; x_wconf 86' lang='lat' dir='ltr'>Ritualc</span> <span class='ocrx_word' id='word_1_67' title='bbox 256 1122 432 1181; x_wconf 87' lang='lat' dir='ltr'>Romanum.</span> 
     </span>
    </p>

    <p class='ocr_par' dir='ltr' id='par_1_3' title="bbox 82 1220 1178 1784">
     <span class='ocr_line' id='line_1_9' title="bbox 121 1220 1172 1299; baseline 0.007 -21"><span class='ocrx_word' id='word_1_68' title='bbox 121 1226 172 1280; x_wconf 74' lang='lat' dir='ltr'>tt.</span> <span class='ocrx_word' id='word_1_69' title='bbox 195 1221 345 1298; x_wconf 90' lang='lat' dir='ltr'>Mancipia</span> <span class='ocrx_word' id='word_1_70' title='bbox 358 1220 394 1278; x_wconf 89' lang='lat' dir='ltr'>ad</span> <span class='ocrx_word' id='word_1_71' title='bbox 406 1221 582 1298; x_wconf 90' lang='lat' dir='ltr'>baptismum</span> <span class='ocrx_word' id='word_1_72' title='bbox 601 1220 711 1280; x_wconf 78' lang='lat' dir='ltr'>admitti</span> <span class='ocrx_word' id='word_1_73' title='bbox 725 1232 856 1299; x_wconf 89' lang='lat' dir='ltr'>possunt,</span> <span class='ocrx_word' id='word_1_74' title='bbox 871 1225 957 1282; x_wconf 89' lang='lat' dir='ltr'>etiam</span> <span class='ocrx_word' id='word_1_75' title='bbox 971 1223 1047 1282; x_wconf 90' lang='lat' dir='ltr'>heris</span> <span class='ocrx_word' id='word_1_76' title='bbox 1062 1225 1172 1295; x_wconf 83' lang='lat' dir='ltr'>invitis,</span> 
     </span>
     <span class='ocr_line' id='line_1_10' title="bbox 85 1319 1178 1399; baseline 0.005 -21"><span class='ocrx_word' id='word_1_77' title='bbox 85 1321 236 1379; x_wconf 88' lang='lat' dir='ltr'>nonenim</span> <span class='ocrx_word' id='word_1_78' title='bbox 256 1320 444 1398; x_wconf 86' lang='lat' dir='ltr'>subjiciuntur</span> <span class='ocrx_word' id='word_1_79' title='bbox 464 1319 541 1378; x_wconf 90' lang='lat' dir='ltr'>heris</span> <span class='ocrx_word' id='word_1_80' title='bbox 557 1321 634 1378; x_wconf 87' lang='lat' dir='ltr'>iniis</span> <span class='ocrx_word' id='word_1_81' title='bbox 656 1340 719 1393; x_wconf 85' lang='lat' dir='ltr'>quae</span> <span class='ocrx_word' id='word_1_82' title='bbox 738 1332 804 1379; x_wconf 90' lang='lat' dir='ltr'>sunt</span> <span class='ocrx_word' id='word_1_83' title='bbox 818 1324 893 1399; x_wconf 90' lang='lat' dir='ltr'>juris</span> <span class='ocrx_word' id='word_1_84' title='bbox 913 1323 1011 1381; x_wconf 87' lang='lat' dir='ltr'>divini.</span> <span class='ocrx_word' id='word_1_85' title='bbox 1054 1323 1178 1390; x_wconf 84' lang='lat' dir='ltr'>Quodsi</span> 
     </span>
     <span class='ocr_line' id='line_1_11' title="bbox 82 1418 1176 1502; baseline 0.005 -25"><span class='ocrx_word' id='word_1_86' title='bbox 82 1427 183 1496; x_wconf 85' lang='lat' dir='ltr'>urgeat</span> <span class='ocrx_word' id='word_1_87' title='bbox 206 1427 298 1478; x_wconf 85' lang='lat' dir='ltr'>metus</span> <span class='ocrx_word' id='word_1_88' title='bbox 318 1419 381 1478; x_wconf 91' lang='lat' dir='ltr'>heri</span> <span class='ocrx_word' id='word_1_89' title='bbox 398 1418 541 1487; x_wconf 81' lang='lat' dir='ltr'>vindictae,</span> <span class='ocrx_word' id='word_1_90' title='bbox 563 1420 587 1477; x_wconf 88' lang='lat' dir='ltr'>si</span> <span class='ocrx_word' id='word_1_91' title='bbox 607 1420 718 1477; x_wconf 85' lang='lat' dir='ltr'>noverit</span> <span class='ocrx_word' id='word_1_92' title='bbox 737 1439 852 1480; x_wconf 86' lang='lat' dir='ltr'>servum</span> <span class='ocrx_word' id='word_1_93' title='bbox 872 1422 961 1480; x_wconf 90' lang='lat' dir='ltr'>fuisse</span> <span class='ocrx_word' id='word_1_94' title='bbox 986 1423 1092 1496; x_wconf 79' lang='lat' dir='ltr'>absque</span> <span class='ocrx_word' id='word_1_95' title='bbox 1113 1426 1176 1502; x_wconf 88' lang='lat' dir='ltr'>ejus</span> 
     </span>
     <span class='ocr_line' id='line_1_12' title="bbox 84 1518 1178 1596; baseline 0.005 -20"><span class='ocrx_word' id='word_1_96' title='bbox 84 1535 239 1586; x_wconf 87' lang='lat' dir='ltr'>consensu,</span> <span class='ocrx_word' id='word_1_97' title='bbox 253 1519 300 1577; x_wconf 83' lang='lat' dir='ltr'>vel</span> <span class='ocrx_word' id='word_1_98' title='bbox 320 1526 417 1577; x_wconf 90' lang='lat' dir='ltr'>contra</span> <span class='ocrx_word' id='word_1_99' title='bbox 436 1520 500 1596; x_wconf 89' lang='lat' dir='ltr'>ejus</span> <span class='ocrx_word' id='word_1_100' title='bbox 520 1518 704 1587; x_wconf 88' lang='lat' dir='ltr'>voluntatem,</span> <span class='ocrx_word' id='word_1_101' title='bbox 718 1520 902 1596; x_wconf 90' lang='lat' dir='ltr'>baptizatum,</span> <span class='ocrx_word' id='word_1_102' title='bbox 918 1540 977 1580; x_wconf 92' lang='lat' dir='ltr'>non</span> <span class='ocrx_word' id='word_1_103' title='bbox 996 1521 1062 1581; x_wconf 88' lang='lat' dir='ltr'>ideo</span> <span class='ocrx_word' id='word_1_104' title='bbox 1082 1523 1178 1583; x_wconf 87' lang='lat' dir='ltr'>licebit</span> 
     </span>
     <span class='ocr_line' id='line_1_13' title="bbox 84 1615 1178 1694; baseline 0.007 -20"><span class='ocrx_word' id='word_1_105' title='bbox 84 1615 226 1694; x_wconf 84' lang='lat' dir='ltr'>denegare</span> <span class='ocrx_word' id='word_1_106' title='bbox 253 1627 461 1676; x_wconf 88' lang='lat' dir='ltr'>sacramentum</span> <span class='ocrx_word' id='word_1_107' title='bbox 487 1635 569 1675; x_wconf 83' lang='lat' dir='ltr'>servo</span> <span class='ocrx_word' id='word_1_108' title='bbox 594 1619 719 1693; x_wconf 89' lang='lat' dir='ltr'>cupienti</span> <span class='ocrx_word' id='word_1_109' title='bbox 739 1637 797 1676; x_wconf 85' lang='lat' dir='ltr'>suae</span> <span class='ocrx_word' id='word_1_110' title='bbox 823 1620 969 1679; x_wconf 90' lang='lat' dir='ltr'>consulere</span> <span class='ocrx_word' id='word_1_111' title='bbox 995 1621 1097 1681; x_wconf 85' lang='lat' dir='ltr'>saluti:</span> <span class='ocrx_word' id='word_1_112' title='bbox 1126 1624 1178 1683; x_wconf 90' lang='lat' dir='ltr'>sed</span> 
     </span>
     <span class='ocr_line' id='line_1_14' title="bbox 84 1715 905 1784; baseline 0.004 -10"><span class='ocrx_word' id='word_1_113' title='bbox 84 1717 180 1774; x_wconf 91' lang='lat' dir='ltr'>omnis</span> <span class='ocrx_word' id='word_1_114' title='bbox 191 1718 302 1775; x_wconf 89' lang='lat' dir='ltr'>cautela</span> <span class='ocrx_word' id='word_1_115' title='bbox 314 1715 476 1775; x_wconf 90' lang='lat' dir='ltr'>adhibenda</span> <span class='ocrx_word' id='word_1_116' title='bbox 488 1717 552 1784; x_wconf 87' lang='lat' dir='ltr'>erit,</span> <span class='ocrx_word' id='word_1_117' title='bbox 562 1725 593 1774; x_wconf 90' lang='lat' dir='ltr'>ut</span> <span class='ocrx_word' id='word_1_118' title='bbox 605 1735 652 1774; x_wconf 87' lang='lat' dir='ltr'>res</span> <span class='ocrx_word' id='word_1_119' title='bbox 666 1736 725 1775; x_wconf 89' lang='lat' dir='ltr'>non</span> <span class='ocrx_word' id='word_1_120' title='bbox 738 1718 905 1777; x_wconf 88' lang='lat' dir='ltr'>innotescat.</span> 
     </span>
    </p>

    <p class='ocr_par' dir='ltr' id='par_1_4' title="bbox 82 1815 1181 2785">
     <span class='ocr_line' id='line_1_15' title="bbox 123 1815 1179 1894; baseline 0.006 -21"><span class='ocrx_word' id='word_1_121' title='bbox 123 1818 173 1873; x_wconf 76' lang='lat'>28.</span> <span class='ocrx_word' id='word_1_122' title='bbox 195 1815 322 1873; x_wconf 84' lang='lat' dir='ltr'>Infantes</span> <span class='ocrx_word' id='word_1_123' title='bbox 337 1817 545 1894; x_wconf 86' lang='lat' dir='ltr'>mancipiorum</span> <span class='ocrx_word' id='word_1_124' title='bbox 559 1816 695 1891; x_wconf 90' lang='lat' dir='ltr'>baptizari</span> <span class='ocrx_word' id='word_1_125' title='bbox 706 1825 838 1892; x_wconf 86' lang='lat' dir='ltr'>possunt,</span> <span class='ocrx_word' id='word_1_126' title='bbox 854 1819 1015 1892; x_wconf 90' lang='lat' dir='ltr'>parentibus</span> <span class='ocrx_word' id='word_1_127' title='bbox 1030 1820 1138 1888; x_wconf 82' lang='lat' dir='ltr'>invitis,</span> <span class='ocrx_word' id='word_1_128' title='bbox 1153 1823 1179 1878; x_wconf 86' lang='lat' dir='ltr'>si</span> 
     </span>
     <span class='ocr_line' id='line_1_16' title="bbox 85 1913 1179 1992; baseline 0.005 -21"><span class='ocrx_word' id='word_1_129' title='bbox 85 1913 196 1972; x_wconf 90' lang='lat' dir='ltr'>domini</span> <span class='ocrx_word' id='word_1_130' title='bbox 210 1914 249 1972; x_wconf 88' lang='lat' dir='ltr'>ita</span> <span class='ocrx_word' id='word_1_131' title='bbox 261 1914 368 1973; x_wconf 85' lang='lat' dir='ltr'>velint:</span> <span class='ocrx_word' id='word_1_132' title='bbox 391 1917 458 1987; x_wconf 90' lang='lat' dir='ltr'>quia</span> <span class='ocrx_word' id='word_1_133' title='bbox 470 1922 595 1992; x_wconf 87' lang='lat' dir='ltr'>potestas</span> <span class='ocrx_word' id='word_1_134' title='bbox 610 1913 790 1973; x_wconf 87' lang='lat' dir='ltr'>dominorum</span> <span class='ocrx_word' id='word_1_135' title='bbox 806 1916 836 1972; x_wconf 90' lang='lat' dir='ltr'>in</span> <span class='ocrx_word' id='word_1_136' title='bbox 848 1933 898 1973; x_wconf 89' lang='lat' dir='ltr'>eos</span> <span class='ocrx_word' id='word_1_137' title='bbox 911 1916 996 1992; x_wconf 92' lang='lat' dir='ltr'>plena</span> <span class='ocrx_word' id='word_1_138' title='bbox 1008 1926 1060 1985; x_wconf 90' lang='lat' dir='ltr'>est,</span> <span class='ocrx_word' id='word_1_139' title='bbox 1072 1927 1100 1976; x_wconf 91' lang='lat' dir='ltr'>et</span> <span class='ocrx_word' id='word_1_140' title='bbox 1113 1937 1179 1977; x_wconf 87' lang='lat' dir='ltr'>cum</span> 
     </span>
     <span class='ocr_line' id='line_1_17' title="bbox 84 2012 1179 2076; baseline 0.005 -6"><span class='ocrx_word' id='word_1_141' title='bbox 84 2031 185 2072; x_wconf 90' lang='lat' dir='ltr'>eorum</span> <span class='ocrx_word' id='word_1_142' title='bbox 205 2013 325 2073; x_wconf 86' lang='lat' dir='ltr'>utilitate</span> <span class='ocrx_word' id='word_1_143' title='bbox 345 2013 496 2073; x_wconf 91' lang='lat' dir='ltr'>adhibetur</span> <span class='ocrx_word' id='word_1_144' title='bbox 515 2012 551 2070; x_wconf 92' lang='lat' dir='ltr'>ad</span> <span class='ocrx_word' id='word_1_145' title='bbox 570 2015 654 2072; x_wconf 82' lang='lat' dir='ltr'>saluti</span> <span class='ocrx_word' id='word_1_146' title='bbox 674 2013 900 2073; x_wconf 89' lang='lat' dir='ltr'>consulendum:</span> <span class='ocrx_word' id='word_1_147' title='bbox 931 2012 1064 2074; x_wconf 88' lang='lat' dir='ltr'>dominos</span> <span class='ocrx_word' id='word_1_148' title='bbox 1086 2026 1179 2076; x_wconf 88' lang='lat' dir='ltr'>autem</span> 
     </span>
     <span class='ocr_line' id='line_1_18' title="bbox 85 2109 1180 2189; baseline 0.006 -20"><span class='ocrx_word' id='word_1_149' title='bbox 85 2111 187 2170; x_wconf 89' lang='lat' dir='ltr'>saltem</span> <span class='ocrx_word' id='word_1_150' title='bbox 201 2130 239 2170; x_wconf 87' lang='lat' dir='ltr'>ex</span> <span class='ocrx_word' id='word_1_151' title='bbox 253 2112 387 2172; x_wconf 83' lang='lat' dir='ltr'>charitate</span> <span class='ocrx_word' id='word_1_152' title='bbox 398 2114 487 2174; x_wconf 88' lang='lat' dir='ltr'>teneri</span> <span class='ocrx_word' id='word_1_153' title='bbox 500 2110 535 2170; x_wconf 89' lang='lat' dir='ltr'>ad</span> <span class='ocrx_word' id='word_1_154' title='bbox 548 2130 598 2169; x_wconf 89' lang='lat' dir='ltr'>eos</span> <span class='ocrx_word' id='word_1_155' title='bbox 612 2121 643 2171; x_wconf 93' lang='lat' dir='ltr'>ut</span> <span class='ocrx_word' id='word_1_156' title='bbox 655 2109 847 2189; x_wconf 85' lang='lat' dir='ltr'>baptizentur1</span> <span class='ocrx_word' id='word_1_157' title='bbox 861 2113 1021 2172; x_wconf 85' lang='lat' dir='ltr'>afferendos</span> <span class='ocrx_word' id='word_1_158' title='bbox 1035 2115 1180 2176; x_wconf 81' lang='lat' dir='ltr'>contendit</span> 
     </span>
     <span class='ocr_line' id='line_1_19' title="bbox 84 2207 1178 2288; baseline 0.005 -20"><span class='ocrx_word' id='word_1_159' title='bbox 84 2207 239 2269; x_wconf 58' lang='lat' dir='ltr'>Antoine?</span> <span class='ocrx_word' id='word_1_160' title='bbox 280 2212 438 2286; x_wconf 85' lang='lat' dir='ltr'>Nequeunt</span> <span class='ocrx_word' id='word_1_161' title='bbox 450 2221 542 2270; x_wconf 88' lang='lat' dir='ltr'>autem</span> <span class='ocrx_word' id='word_1_162' title='bbox 553 2212 690 2288; x_wconf 88' lang='lat' dir='ltr'>baptizari</span> <span class='ocrx_word' id='word_1_163' title='bbox 702 2214 866 2288; x_wconf 88' lang='lat' dir='ltr'>parentibus</span> <span class='ocrx_word' id='word_1_164' title='bbox 877 2211 1058 2286; x_wconf 86' lang='lat' dir='ltr'>dominisque</span> <span class='ocrx_word' id='word_1_165' title='bbox 1071 2216 1178 2285; x_wconf 83' lang='lat' dir='ltr'>invitis,</span> 
     </span>
     <span class='ocr_line' id='line_1_20' title="bbox 85 2310 1180 2388; baseline 0.003 -19"><span class='ocrx_word' id='word_1_166' title='bbox 85 2311 143 2369; x_wconf 85' lang='lat' dir='ltr'>nisi</span> <span class='ocrx_word' id='word_1_167' title='bbox 164 2310 194 2367; x_wconf 91' lang='lat' dir='ltr'>in</span> <span class='ocrx_word' id='word_1_168' title='bbox 217 2320 346 2370; x_wconf 85' lang='lat' dir='ltr'>extremo</span> <span class='ocrx_word' id='word_1_169' title='bbox 368 2314 433 2370; x_wconf 84' lang='lat' dir='ltr'>vitae</span> <span class='ocrx_word' id='word_1_170' title='bbox 459 2311 635 2379; x_wconf 90' lang='lat' dir='ltr'>discrimine,</span> <span class='ocrx_word' id='word_1_171' title='bbox 657 2312 724 2383; x_wconf 89' lang='lat' dir='ltr'>quia</span> <span class='ocrx_word' id='word_1_172' title='bbox 749 2330 837 2384; x_wconf 92' lang='lat' dir='ltr'>quum</span> <span class='ocrx_word' id='word_1_173' title='bbox 861 2330 949 2388; x_wconf 90' lang='lat' dir='ltr'>penes</span> <span class='ocrx_word' id='word_1_174' title='bbox 973 2331 1023 2371; x_wconf 88' lang='lat' dir='ltr'>eos</span> <span class='ocrx_word' id='word_1_175' title='bbox 1046 2325 1180 2374; x_wconf 91' lang='lat' dir='ltr'>maneant</span> 
     </span>
     <span class='ocr_line' id='line_1_21' title="bbox 82 2410 1177 2490; baseline 0.004 -24"><span class='ocrx_word' id='word_1_176' title='bbox 82 2410 176 2488; x_wconf 89' lang='lat' dir='ltr'>pueri,</span> <span class='ocrx_word' id='word_1_177' title='bbox 199 2429 258 2469; x_wconf 90' lang='lat' dir='ltr'>non</span> <span class='ocrx_word' id='word_1_178' title='bbox 277 2421 397 2487; x_wconf 92' lang='lat' dir='ltr'>possent</span> <span class='ocrx_word' id='word_1_179' title='bbox 416 2410 570 2469; x_wconf 87' lang='lat' dir='ltr'>christiano</span> <span class='ocrx_word' id='word_1_180' title='bbox 590 2428 670 2468; x_wconf 89' lang='lat' dir='ltr'>more</span> <span class='ocrx_word' id='word_1_181' title='bbox 697 2410 816 2481; x_wconf 89' lang='lat' dir='ltr'>institui,</span> <span class='ocrx_word' id='word_1_182' title='bbox 837 2410 960 2484; x_wconf 90' lang='lat' dir='ltr'>ideoque</span> <span class='ocrx_word' id='word_1_183' title='bbox 987 2413 1177 2490; x_wconf 89' lang='lat' dir='ltr'>“baptismus</span> 
     </span>
     <span class='ocr_line' id='line_1_22' title="bbox 85 2507 1179 2588; baseline 0.001 -20"><span class='ocrx_word' id='word_1_184' title='bbox 85 2507 241 2569; x_wconf 88' lang='lat' dir='ltr'>manifesto</span> <span class='ocrx_word' id='word_1_185' title='bbox 260 2511 388 2585; x_wconf 92' lang='lat' dir='ltr'>periculo</span> <span class='ocrx_word' id='word_1_186' title='bbox 414 2509 629 2588; x_wconf 83' lang='lat' dir='ltr'>profanationis,</span> <span class='ocrx_word' id='word_1_187' title='bbox 650 2516 679 2566; x_wconf 92' lang='lat' dir='ltr'>et</span> <span class='ocrx_word' id='word_1_188' title='bbox 697 2509 856 2586; x_wconf 86' lang='lat' dir='ltr'>baptizatus</span> <span class='ocrx_word' id='word_1_189' title='bbox 876 2511 1004 2586; x_wconf 90' lang='lat' dir='ltr'>periculo</span> <span class='ocrx_word' id='word_1_190' title='bbox 1030 2513 1179 2587; x_wconf 67' lang='lat' dir='ltr'>apostasia}</span> 
     </span>
     <span class='ocr_line' id='line_1_23' title="bbox 85 2603 1181 2685; baseline 0.001 -19"><span class='ocrx_word' id='word_1_191' title='bbox 85 2619 267 2685; x_wconf 82' lang='lat' dir='ltr'>exponetur3</span> <span class='ocrx_word' id='word_1_192' title='bbox 300 2629 365 2668; x_wconf 88' lang='lat' dir='ltr'>cum</span> <span class='ocrx_word' id='word_1_193' title='bbox 392 2617 504 2669; x_wconf 85' lang='lat' dir='ltr'>constet</span> <span class='ocrx_word' id='word_1_194' title='bbox 529 2627 594 2666; x_wconf 90' lang='lat' dir='ltr'>eum</span> <span class='ocrx_word' id='word_1_195' title='bbox 621 2608 651 2666; x_wconf 95' lang='lat' dir='ltr'>in</span> <span class='ocrx_word' id='word_1_196' title='bbox 677 2608 840 2666; x_wconf 88' lang='lat' dir='ltr'>infidelitate</span> <span class='ocrx_word' id='word_1_197' title='bbox 864 2603 1096 2666; x_wconf 84' lang='lat' dir='ltr'>educandum.&#39;’³</span> <span class='ocrx_word' id='word_1_198' title='bbox 1147 2610 1181 2667; x_wconf 88' lang='lat' dir='ltr'>Si</span> 
     </span>
     <span class='ocr_line' id='line_1_24' title="bbox 85 2707 1181 2785; baseline 0 -20"><span class='ocrx_word' id='word_1_199' title='bbox 85 2716 222 2785; x_wconf 86' lang='lat' dir='ltr'>parentes</span> <span class='ocrx_word' id='word_1_200' title='bbox 241 2708 339 2777; x_wconf 90' lang='lat' dir='ltr'>velint,</span> <span class='ocrx_word' id='word_1_201' title='bbox 354 2707 478 2767; x_wconf 86' lang='lat' dir='ltr'>dominis</span> <span class='ocrx_word' id='word_1_202' title='bbox 497 2708 731 2785; x_wconf 88' lang='lat' dir='ltr'>repugnantibus,</span> <span class='ocrx_word' id='word_1_203' title='bbox 745 2716 866 2784; x_wconf 87' lang='lat' dir='ltr'>possunt</span> <span class='ocrx_word' id='word_1_204' title='bbox 878 2707 931 2765; x_wconf 93' lang='lat' dir='ltr'>filii</span> <span class='ocrx_word' id='word_1_205' title='bbox 949 2707 1099 2782; x_wconf 88' lang='lat' dir='ltr'>baptizari,</span> <span class='ocrx_word' id='word_1_206' title='bbox 1114 2708 1181 2780; x_wconf 92' lang='lat' dir='ltr'>quia</span> 
     </span>
    </p>
   </div>
   <div class='ocr_carea' id='block_1_3' title="bbox 87 2903 1183 3885">
    <p class='ocr_par' dir='ltr' id='par_1_5' title="bbox 87 2903 1182 3286">
     <span class='ocr_line' id='line_1_25' title="bbox 87 2903 1178 2982; baseline -0.002 -18"><span class='ocrx_word' id='word_1_207' title='bbox 87 2918 182 2964; x_wconf 88' lang='lat' dir='ltr'>tamen</span> <span class='ocrx_word' id='word_1_208' title='bbox 191 2905 295 2965; x_wconf 92' lang='lat' dir='ltr'>debent</span> <span class='ocrx_word' id='word_1_209' title='bbox 302 2907 427 2965; x_wconf 91' lang='lat' dir='ltr'>studium</span> <span class='ocrx_word' id='word_1_210' title='bbox 436 2924 520 2965; x_wconf 93' lang='lat' dir='ltr'>omne</span> <span class='ocrx_word' id='word_1_211' title='bbox 530 2924 638 2982; x_wconf 90' lang='lat' dir='ltr'>ponere</span> <span class='ocrx_word' id='word_1_212' title='bbox 647 2908 677 2963; x_wconf 93' lang='lat' dir='ltr'>in</span> <span class='ocrx_word' id='word_1_213' title='bbox 687 2906 722 2962; x_wconf 90' lang='lat' dir='ltr'>iis</span> <span class='ocrx_word' id='word_1_214' title='bbox 730 2903 886 2963; x_wconf 89' lang='lat' dir='ltr'>christiano</span> <span class='ocrx_word' id='word_1_215' title='bbox 897 2922 976 2963; x_wconf 89' lang='lat' dir='ltr'>more</span> <span class='ocrx_word' id='word_1_216' title='bbox 987 2904 1178 2963; x_wconf 89' lang='lat' dir='ltr'>instituendis.</span> 
     </span>
     <span class='ocr_line' id='line_1_26' title="bbox 87 3001 1180 3084; baseline -0.001 -22"><span class='ocrx_word' id='word_1_217' title='bbox 87 3005 119 3063; x_wconf 89' lang='lat' dir='ltr'>Si</span> <span class='ocrx_word' id='word_1_218' title='bbox 134 3005 294 3065; x_wconf 88' lang='lat' dir='ltr'>alterutere</span> <span class='ocrx_word' id='word_1_219' title='bbox 307 3007 472 3084; x_wconf 91' lang='lat' dir='ltr'>parentibus</span> <span class='ocrx_word' id='word_1_220' title='bbox 486 3001 582 3074; x_wconf 84' lang='lat' dir='ltr'>velit,⁴</span> <span class='ocrx_word' id='word_1_221' title='bbox 597 3005 642 3062; x_wconf 89' lang='lat' dir='ltr'>vel</span> <span class='ocrx_word' id='word_1_222' title='bbox 656 3003 719 3061; x_wconf 91' lang='lat' dir='ltr'>heri</span> <span class='ocrx_word' id='word_1_223' title='bbox 732 3021 816 3071; x_wconf 85' lang='lat' dir='ltr'>uxor,</span> <span class='ocrx_word' id='word_1_224' title='bbox 831 3002 913 3061; x_wconf 92' lang='lat' dir='ltr'>debet</span> <span class='ocrx_word' id='word_1_225' title='bbox 925 3001 1017 3060; x_wconf 91' lang='lat' dir='ltr'>infans</span> <span class='ocrx_word' id='word_1_226' title='bbox 1030 3004 1180 3079; x_wconf 88' lang='lat' dir='ltr'>baptizari,</span> 
     </span>
     <span class='ocr_line' id='line_1_27' title="bbox 88 3101 1182 3182; baseline 0.001 -22"><span class='ocrx_word' id='word_1_227' title='bbox 88 3105 156 3176; x_wconf 88' lang='lat' dir='ltr'>quia</span> <span class='ocrx_word' id='word_1_228' title='bbox 176 3106 306 3164; x_wconf 87' lang='lat' dir='ltr'>voluntas</span> <span class='ocrx_word' id='word_1_229' title='bbox 328 3107 408 3182; x_wconf 87' lang='lat' dir='ltr'>justa</span> <span class='ocrx_word' id='word_1_230' title='bbox 427 3105 510 3163; x_wconf 87' lang='lat' dir='ltr'>debet</span> <span class='ocrx_word' id='word_1_231' title='bbox 522 3105 634 3182; x_wconf 77' lang='lat' dir='ltr'>injustae</span> <span class='ocrx_word' id='word_1_232' title='bbox 655 3102 828 3180; x_wconf 84' lang='lat' dir='ltr'>proevalere:</span> <span class='ocrx_word' id='word_1_233' title='bbox 856 3101 907 3160; x_wconf 74' lang='lat' dir='ltr'>s&#39;ed</span> <span class='ocrx_word' id='word_1_234' title='bbox 927 3121 1031 3179; x_wconf 80' lang='lat' dir='ltr'>magna</span> <span class='ocrx_word' id='word_1_235' title='bbox 1049 3101 1182 3180; x_wconf 91' lang='lat' dir='ltr'>ponenda</span> 
     </span>
     <span class='ocr_line' id='line_1_28' title="bbox 88 3201 795 3286; baseline 0 -27"><span class='ocrx_word' id='word_1_236' title='bbox 88 3212 131 3259; x_wconf 87' lang='lat' dir='ltr'>est</span> <span class='ocrx_word' id='word_1_237' title='bbox 144 3201 293 3280; x_wconf 85' lang='lat' dir='ltr'>diligentia</span> <span class='ocrx_word' id='word_1_238' title='bbox 306 3207 337 3264; x_wconf 91' lang='lat' dir='ltr'>in</span> <span class='ocrx_word' id='word_1_239' title='bbox 350 3205 502 3264; x_wconf 88' lang='lat' dir='ltr'>christiana</span> <span class='ocrx_word' id='word_1_240' title='bbox 510 3205 597 3286; x_wconf 90' lang='lat' dir='ltr'>pueri</span> <span class='ocrx_word' id='word_1_241' title='bbox 610 3204 795 3261; x_wconf 90' lang='lat' dir='ltr'>institutione.</span> 
     </span>
    </p>

    <p class='ocr_par' dir='ltr' id='par_1_6' title="bbox 88 3302 1183 3885">
     <span class='ocr_line' id='line_1_29' title="bbox 127 3302 1181 3380; baseline 0.003 -22"><span class='ocrx_word' id='word_1_242' title='bbox 127 3304 178 3359; x_wconf 81' lang='lat'>29.</span> <span class='ocrx_word' id='word_1_243' title='bbox 200 3303 327 3362; x_wconf 86' lang='lat' dir='ltr'>Infantes</span> <span class='ocrx_word' id='word_1_244' title='bbox 346 3303 505 3363; x_wconf 88' lang='lat' dir='ltr'>infidelium</span> <span class='ocrx_word' id='word_1_245' title='bbox 519 3303 674 3364; x_wconf 90' lang='lat' dir='ltr'>liberorum</span> <span class='ocrx_word' id='word_1_246' title='bbox 694 3309 841 3375; x_wconf 90' lang='lat' dir='ltr'>nequeunt</span> <span class='ocrx_word' id='word_1_247' title='bbox 860 3302 1000 3377; x_wconf 89' lang='lat' dir='ltr'>baptizari</span> <span class='ocrx_word' id='word_1_248' title='bbox 1018 3303 1114 3360; x_wconf 84' lang='lat' dir='ltr'>invitis</span> <span class='ocrx_word' id='word_1_249' title='bbox 1133 3322 1181 3380; x_wconf 91' lang='lat' dir='ltr'>pa·</span> 
     </span>
     <span class='ocr_line' id='line_1_30' title="bbox 88 3400 1180 3471; baseline 0.003 -13"><span class='ocrx_word' id='word_1_250' title='bbox 88 3401 226 3471; x_wconf 88' lang='lat' dir='ltr'>rentibus,</span> <span class='ocrx_word' id='word_1_251' title='bbox 254 3402 312 3460; x_wconf 91' lang='lat' dir='ltr'>nisi</span> <span class='ocrx_word' id='word_1_252' title='bbox 336 3405 366 3461; x_wconf 94' lang='lat' dir='ltr'>in</span> <span class='ocrx_word' id='word_1_253' title='bbox 391 3411 519 3461; x_wconf 82' lang='lat' dir='ltr'>extremo</span> <span class='ocrx_word' id='word_1_254' title='bbox 545 3403 609 3460; x_wconf 77' lang='lat' dir='ltr'>vitae</span> <span class='ocrx_word' id='word_1_255' title='bbox 641 3400 828 3460; x_wconf 87' lang='lat' dir='ltr'>discrimine:</span> <span class='ocrx_word' id='word_1_256' title='bbox 863 3401 1016 3460; x_wconf 88' lang='lat' dir='ltr'>declaravit</span> <span class='ocrx_word' id='word_1_257' title='bbox 1043 3402 1120 3460; x_wconf 90' lang='lat' dir='ltr'>enim</span> <span class='ocrx_word' id='word_1_258' title='bbox 1147 3402 1180 3461; x_wconf 84' lang='lat' dir='ltr'>S.</span> 
     </span>
     <span class='ocr_line' id='line_1_31' title="bbox 90 3498 1180 3578; baseline 0.002 -22"><span class='ocrx_word' id='word_1_259' title='bbox 90 3498 286 3578; x_wconf 75' lang='lat' dir='ltr'>congregatio</span> <span class='ocrx_word' id='word_1_260' title='bbox 300 3501 332 3559; x_wconf 77' lang='lat' dir='ltr'>S.</span> <span class='ocrx_word' id='word_1_261' title='bbox 348 3499 456 3570; x_wconf 87' lang='lat' dir='ltr'>Officii,</span> <span class='ocrx_word' id='word_1_262' title='bbox 470 3502 517 3559; x_wconf 91' lang='lat' dir='ltr'>die</span> <span class='ocrx_word' id='word_1_263' title='bbox 534 3506 569 3559; x_wconf 82' lang='lat'>18</span> <span class='ocrx_word' id='word_1_264' title='bbox 584 3499 730 3559; x_wconf 87' lang='lat' dir='ltr'>Februarii</span> <span class='ocrx_word' id='word_1_265' title='bbox 744 3519 820 3559; x_wconf 86' lang='lat' dir='ltr'>anno</span> <span class='ocrx_word' id='word_1_266' title='bbox 837 3505 924 3569; x_wconf 83' lang='lat'>1705,</span> <span class='ocrx_word' id='word_1_267' title='bbox 939 3500 968 3560; x_wconf 89' lang='lat' dir='ltr'>id</span> <span class='ocrx_word' id='word_1_268' title='bbox 982 3510 1069 3560; x_wconf 87' lang='lat' dir='ltr'>“uon</span> <span class='ocrx_word' id='word_1_269' title='bbox 1082 3501 1180 3570; x_wconf 88' lang='lat' dir='ltr'>licere,</span> 
     </span>
     <span class='ocr_line' id='line_1_32' title="bbox 90 3599 1183 3677; baseline -0.002 -19"><span class='ocrx_word' id='word_1_270' title='bbox 90 3600 146 3658; x_wconf 92' lang='lat' dir='ltr'>nisi</span> <span class='ocrx_word' id='word_1_271' title='bbox 156 3602 186 3659; x_wconf 90' lang='lat' dir='ltr'>in</span> <span class='ocrx_word' id='word_1_272' title='bbox 201 3601 321 3659; x_wconf 91' lang='lat' dir='ltr'>articulo</span> <span class='ocrx_word' id='word_1_273' title='bbox 334 3600 433 3659; x_wconf 89' lang='lat' dir='ltr'>mortis</span> <span class='ocrx_word' id='word_1_274' title='bbox 443 3599 474 3657; x_wconf 85' lang='lat'>:&#39;’</span> <span class='ocrx_word' id='word_1_275' title='bbox 491 3601 558 3671; x_wconf 90' lang='lat' dir='ltr'>qnia</span> <span class='ocrx_word' id='word_1_276' title='bbox 571 3607 591 3635; x_wconf 87' lang='lat'>“</span> <span class='ocrx_word' id='word_1_277' title='bbox 601 3599 758 3658; x_wconf 87' lang='lat' dir='ltr'>secundnm</span> <span class='ocrx_word' id='word_1_278' title='bbox 768 3601 818 3677; x_wconf 82' lang='lat' dir='ltr'>jus</span> <span class='ocrx_word' id='word_1_279' title='bbox 833 3600 957 3658; x_wconf 87' lang='lat' dir='ltr'>naturale</span> <span class='ocrx_word' id='word_1_280' title='bbox 968 3610 1035 3659; x_wconf 89' lang='lat' dir='ltr'>sunt</span> <span class='ocrx_word' id='word_1_281' title='bbox 1048 3599 1101 3658; x_wconf 92' lang='lat' dir='ltr'>sub</span> <span class='ocrx_word' id='word_1_282' title='bbox 1116 3618 1183 3656; x_wconf 87' lang='lat' dir='ltr'>cura</span> 
     </span>
     <span class='ocr_line' id='line_1_33' title="bbox 91 3694 1182 3776; baseline -0.002 -20"><span class='ocrx_word' id='word_1_283' title='bbox 91 3709 251 3776; x_wconf 90' lang='lat' dir='ltr'>parentum,</span> <span class='ocrx_word' id='word_1_284' title='bbox 272 3698 407 3772; x_wconf 89' lang='lat' dir='ltr'>quamdiu</span> <span class='ocrx_word' id='word_1_285' title='bbox 427 3699 485 3775; x_wconf 88' lang='lat' dir='ltr'>ipsi</span> <span class='ocrx_word' id='word_1_286' title='bbox 505 3698 560 3756; x_wconf 91' lang='lat' dir='ltr'>sibi</span> <span class='ocrx_word' id='word_1_287' title='bbox 579 3698 728 3774; x_wconf 86' lang='lat' dir='ltr'>providere</span> <span class='ocrx_word' id='word_1_288' title='bbox 748 3717 807 3757; x_wconf 90' lang='lat' dir='ltr'>non</span> <span class='ocrx_word' id='word_1_289' title='bbox 827 3706 963 3774; x_wconf 87' lang='lat' dir='ltr'>possunt:</span> <span class='ocrx_word' id='word_1_290' title='bbox 1069 3709 1097 3755; x_wconf 90' lang='lat' dir='ltr'>et</span> <span class='ocrx_word' id='word_1_291' title='bbox 1116 3694 1182 3754; x_wconf 91' lang='lat' dir='ltr'>ideo</span> 
     </span>
     <span class='ocr_line' id='line_1_34' title="bbox 92 3794 1180 3885; baseline -0.005 -30"><span class='ocrx_word' id='word_1_292' title='bbox 92 3808 188 3858; x_wconf 86' lang='lat' dir='ltr'>contra</span> <span class='ocrx_word' id='word_1_293' title='bbox 203 3801 345 3876; x_wconf 88' lang='lat' dir='ltr'>justitiam</span> <span class='ocrx_word' id='word_1_294' title='bbox 366 3797 522 3858; x_wconf 90' lang='lat' dir='ltr'>naturalem</span> <span class='ocrx_word' id='word_1_295' title='bbox 543 3804 628 3865; x_wconf 90' lang='lat' dir='ltr'>esset,</span> <span class='ocrx_word' id='word_1_296' title='bbox 642 3799 685 3885; x_wconf 73' lang='lat' dir='ltr'>eij¹</span> <span class='ocrx_word' id='word_1_297' title='bbox 800 3799 872 3866; x_wconf 89' lang='lat' dir='ltr'>ueri,</span> <span class='ocrx_word' id='word_1_298' title='bbox 887 3796 985 3855; x_wconf 88' lang='lat' dir='ltr'>invitis</span> <span class='ocrx_word' id='word_1_299' title='bbox 1006 3794 1180 3870; x_wconf 90' lang='lat' dir='ltr'>parentibus,</span> 
     </span>
    </p>
   </div>
   <div class='ocr_carea' id='block_1_4' title="bbox 91 3893 1184 4073">
    <p class='ocr_par' dir='ltr' id='par_1_7' title="bbox 91 3886 1184 4073">
     <span class='ocr_line' id='line_1_35' title="bbox 91 3893 1182 3975; baseline -0.003 -21"><span class='ocrx_word' id='word_1_300' title='bbox 91 3897 315 3975; x_wconf 88' lang='lat' dir='ltr'>baptizarentur:</span> <span class='ocrx_word' id='word_1_301' title='bbox 337 3897 547 3956; x_wconf 89' lang='lat' dir='ltr'>sicutetiamsi</span> <span class='ocrx_word' id='word_1_302' title='bbox 561 3897 648 3970; x_wconf 86' lang='lat' dir='ltr'>aliqui</span> <span class='ocrx_word' id='word_1_303' title='bbox 851 3894 1009 3953; x_wconf 85' lang='lat' dir='ltr'>mrationis</span> <span class='ocrx_word' id='word_1_304' title='bbox 1024 3893 1182 3969; x_wconf 86' lang='lat' dir='ltr'>baptizare·</span> 
     </span>
     <span class='ocr_line' id='line_1_36' title="bbox 93 3990 1184 4073; baseline -0.001 -21"><span class='ocrx_word' id='word_1_305' title='bbox 93 4004 136 4054; x_wconf 92' lang='lat' dir='ltr'>tur</span> <span class='ocrx_word' id='word_1_306' title='bbox 155 3999 269 4055; x_wconf 87' lang='lat' dir='ltr'>invitus.</span> <span class='ocrx_word' id='word_1_307' title='bbox 310 3998 399 4056; x_wconf 88' lang='lat' dir='ltr'>Esset</span> <span class='ocrx_word' id='word_1_308' title='bbox 411 3998 497 4056; x_wconf 86' lang='lat' dir='ltr'>etiam</span> <span class='ocrx_word' id='word_1_309' title='bbox 518 3996 713 4073; x_wconf 82' lang='lat' dir='ltr'>periculosir&#39;m&#39;</span> <span class='ocrx_word' id='word_1_310' title='bbox 806 3994 907 4052; x_wconf 86' lang='lat' dir='ltr'>rfilios</span> <span class='ocrx_word' id='word_1_311' title='bbox 921 3990 1079 4051; x_wconf 88' lang='lat' dir='ltr'>infidelium</span> <span class='ocrx_word' id='word_1_312' title='bbox 1093 3993 1184 4069; x_wconf 84' lang='lat' dir='ltr'>bapti·</span> 
     </span>
    </p>
   </div>
   <div class='ocr_carea' id='block_1_5' title="bbox 129 4226 1148 4386">
    <p class='ocr_par' dir='ltr' id='par_1_8' title="bbox 129 4226 1148 4386">
     <span class='ocr_line' id='line_1_37' title="bbox 129 4226 1148 4298; baseline -0.001 -22"><span class='ocrx_word' id='word_1_313' title='bbox 129 4230 170 4295; x_wconf 92' lang='lat' dir='ltr'>(l)</span> <span class='ocrx_word' id='word_1_314' title='bbox 188 4228 219 4278; x_wconf 83' lang='lat' dir='ltr'>L.</span> <span class='ocrx_word' id='word_1_315' title='bbox 231 4230 263 4280; x_wconf 83' lang='lat' dir='ltr'>vi.</span> <span class='ocrx_word' id='word_1_316' title='bbox 275 4245 301 4279; x_wconf 91' lang='lat' dir='ltr'>n.</span> <span class='ocrx_word' id='word_1_317' title='bbox 315 4232 370 4278; x_wconf 82' lang='lat'>125.</span> <span class='ocrx_word' id='word_1_318' title='bbox 550 4231 592 4298; x_wconf 82' lang='lat'>(2)</span> <span class='ocrx_word' id='word_1_319' title='bbox 610 4230 719 4281; x_wconf 86' lang='lat' dir='ltr'>Antoine</span> <span class='ocrx_word' id='word_1_320' title='bbox 730 4237 797 4281; x_wconf 76' lang='lat' dir='ltr'>unct</span> <span class='ocrx_word' id='word_1_321' title='bbox 808 4229 839 4280; x_wconf 86' lang='lat' dir='ltr'>ds</span> <span class='ocrx_word' id='word_1_322' title='bbox 849 4230 913 4294; x_wconf 79' lang='lat' dir='ltr'>bapt.</span> <span class='ocrx_word' id='word_1_323' title='bbox 926 4244 967 4293; x_wconf 85' lang='lat' dir='ltr'>qu.</span> <span class='ocrx_word' id='word_1_324' title='bbox 978 4229 1029 4279; x_wconf 88' lang='lat' dir='ltr'>xiii.</span> <span class='ocrx_word' id='word_1_325' title='bbox 1039 4227 1114 4295; x_wconf 79' lang='lat' dir='ltr'>Reap.</span> <span class='ocrx_word' id='word_1_326' title='bbox 1126 4226 1148 4276; x_wconf 85' lang='grc'>3.</span> 
     </span>
     <span class='ocr_line' id='line_1_38' title="bbox 131 4315 1036 4386; baseline 0.002 -23"><span class='ocrx_word' id='word_1_327' title='bbox 131 4316 173 4382; x_wconf 79' lang='grc'>(3)</span> <span class='ocrx_word' id='word_1_328' title='bbox 192 4315 293 4377; x_wconf 87' lang='lat' dir='ltr'>Ibidem,</span> <span class='ocrx_word' id='word_1_329' title='bbox 305 4316 379 4386; x_wconf 66' lang='grc' dir='ltr'>Κεφ.</span> <span class='ocrx_word' id='word_1_330' title='bbox 391 4316 415 4366; x_wconf 81' lang='grc'>4.</span> <span class='ocrx_word' id='word_1_331' title='bbox 551 4318 593 4384; x_wconf 78' lang='lat'>(4)</span> <span class='ocrx_word' id='word_1_332' title='bbox 611 4316 676 4367; x_wconf 85' lang='lat' dir='ltr'>Vide</span> <span class='ocrx_word' id='word_1_333' title='bbox 687 4317 765 4367; x_wconf 81' lang='lat' dir='ltr'>Onne.</span> <span class='ocrx_word' id='word_1_334' title='bbox 775 4317 856 4367; x_wconf 77' lang='lat' dir='ltr'>&#39;l&#39;olet</span> <span class='ocrx_word' id='word_1_335' title='bbox 867 4316 898 4367; x_wconf 87' lang='lat' dir='ltr'>iv.</span> <span class='ocrx_word' id='word_1_336' title='bbox 909 4330 963 4382; x_wconf 82' lang='lat' dir='ltr'>cap.</span> <span class='ocrx_word' id='word_1_337' title='bbox 975 4315 1036 4367; x_wconf 80' lang='lat' dir='ltr'>lxiii.</span> 
     </span>
    </p>
   </div>
   <div class='ocr_carea' id='block_1_6' title="bbox 0 0 1338 4860">
    <p class='ocr_par' dir='ltr' id='par_1_9' title="bbox 0 0 1338 4860">
     <span class='ocr_line' id='line_1_39' title="bbox 0 0 1338 4860; baseline 0 0"><span class='ocrx_word' id='word_1_338' title='bbox 0 0 1338 4860; x_wconf 95' lang='lat' dir='ltr'> </span> 
     </span>
    </p>
   </div>
  </div>
 </body>
</html>
