2640 4860
143 388 205 446 206
374 380 433 440 DE
454 377 629 439 CASUUM
650 377 993 438 RESERVATIONE.

146 552 208 612 lice
220 555 396 607 reservatos:
412 564 471 604 vox
483 554 576 603 autem
590 544 682 604 etium
695 564 731 604 eo
743 545 800 604 loci
820 544 955 613 adhibita,
968 563 1007 604 ex
1026 544 1213 605 consuetudins

145 661 175 709 et
186 648 273 724 stylo,
288 665 345 704 non
359 655 489 703 censetur
499 663 562 702 eam
573 646 767 702 extensionem
781 639 962 720 importare.1

184 750 252 806 175.
274 746 400 804 Possunt
419 745 559 820 episcopi,
580 762 617 801 ex
638 743 839 820 plerorumque
865 742 1016 811 sententia,
1038 742 1216 801 sacerdotibus

144 847 370 920 quibuscumque
380 843 540 901 facultatem
554 842 743 900 absolvendis
755 843 868 900 casibus
881 841 1001 900 occultis
1016 840 1157 918 delegare,
1164 841 1220 914 quia

142 948 204 1024 J'am
217 944 334 1002 inhaeret
346 942 477 1019 episcopi
497 941 625 999 muneri:
642 951 671 998 et
683 939 844 999 sacerdotes
864 941 967 1013 quibus
985 940 1024 998 ita
1037 939 1221 1007 committitur,

146 1044 284 1102 habentur
303 1050 435 1114 tanquam
460 1039 621 1117 specialiter
641 1039 776 1115 deputati.
818 1039 945 1116 speciali
970 1039 1025 1096 bac
1050 1039 1223 1116 deputatione

145 1142 255 1220 indiget
267 1143 329 1218 ipse
352 1141 484 1198 Vicarius
498 1140 647 1215 generalis,
662 1158 728 1197 nam
744 1147 850 1196 “recte
871 1139 910 1196 ait
929 1137 1075 1207 Sanchez,
1096 1139 1224 1196 vicarium

145 1241 276 1320 episcopi
288 1259 346 1298 nou
359 1240 462 1297 habere
482 1247 648 1313 potestatem
671 1237 837 1296 absolvendi
855 1238 890 1295 ab
903 1237 950 1296 his
964 1238 1080 1295 casibus
1094 1255 1131 1296 ex
1149 1255 1226 1314 gene·

145 1341 197 1400 reli
221 1339 424 1399 commissione
445 1337 604 1406 vicariatus,
626 1338 681 1395 nisi
701 1337 863 1413 specialiter
885 1337 1083 1413 abepiscopo
1105 1337 1226 1395 commit·

145 1434 266 1499 (alul-”²

188 1543 255 1598 176.
277 1537 433 1615 Regulares
461 1545 606 1609 nequeunt
631 1537 777 1596 absolvere
803 1538 953 1596 acasibus
979 1554 1054 1610 quos
1080 1537 1226 1612 episcopus

146 1638 307 1716 specialiter
320 1637 373 1695 sibi
387 1636 551 1700 reservavit,
566 1638 626 1694 sive
647 1639 677 1694 in
698 1636 822 1713 syuodo,
836 1638 897 1695 sive
920 1645 1002 1693 extra
1023 1634 1179 1712 synodum,
1191 1635 1228 1692 uti

143 1745 220 1814 patet
231 1754 268 1793 ex
281 1736 366 1794 Bulla
379 1735 513 1812 Gregorii
526 1734 611 1793 Xlll.
635 1735 712 1794 Cum
722 1755 742 1794 a
752 1754 848 1794 sacro.
876 1737 1036 1808 Nequeunt
1046 1736 1131 1792 etiam
1141 1734 1226 1792 absol·

146 1854 211 1894 vere
226 1853 304 1893 asex
313 1834 425 1893 casibus
439 1855 456 1892 a
469 1833 619 1893 Clemente
633 1835 717 1893 Vlll.
732 1835 888 1903 recensitis,
902 1835 1039 1892 nimirum
1050 1834 1228 1910 percussione
1279 1844 1313 1876 =

145 1935 250 2002 clerici,
262 1934 366 2002 duello,
381 1933 533 1992 violatione
557 1933 742 1992 immunitatis
762 1934 970 2001 ecclesiastice,
985 1933 1142 1991 violatione
1160 1932 1228 1990 clau·
1255 1952 1317 1968 ⁴·

145 2053 218 2093 surse
233 2033 268 2092 ad
279 2033 385 2091 malum
399 2032 629 2100 tinem,simonia
649 2032 728 2100 reali,
742 2041 771 2090 et
789 2033 912 2090 simonia
933 2030 1147 2100 confidentiali;
1167 2049 1228 2089 nam
1241 2040 1318 2084 „a

144 2133 261 2192 facultas
275 2132 310 2189 ab
322 2131 368 2189 his
381 2130 546 2188 absolvendi
559 2148 695 2207 expresse
708 2131 885 2209 regularibus
898 2139 943 2189 est
956 2129 1108 2206 adempta:
1124 2150 1140 2188 a
1153 2138 1218 2187 cate

145 2232 183 2289 ris
193 2239 285 2288 autem
297 2229 409 2287 casibus
423 2230 452 2286 in
462 2230 474 2305 j
479 2247 526 2286 ure
537 2230 682 2307 episcopis
692 2231 841 2288 reservatis
852 2230 995 2307 regulares
1006 2239 1319 2306 censenturproae

145 2328 266 2387 babilius
281 2327 425 2386 absolvere
438 2346 535 2404 posse.

185 2432 252 2488 177.
274 2412 415 2485 Mouiales
430 2425 506 2485 haud
520 2437 660 2504 exempta
681 2429 920 2488 reservationibus
933 2429 969 2486 ab
989 2428 1133 2505 episcopo
1153 2427 1315 2485 lacti&

143 2528 305 2607 subjacent:
321 2525 357 2584 de
376 2527 519 2603 exemptis
533 2525 699 2603 disputatur,
712 2529 904 2604 probabilibus
920 2512 1054 2601 utrinque
1065 2527 1311 2593 rationibusae

139 2627 237 2705 judice
246 2627 278 2684 S.
293 2618 470 2703 Alphonso.³
493 2626 596 2684 Utrum
611 2627 703 2703 possit
716 2627 869 2704 episcopus
882 2645 1027 2685 reservare
1042 2646 1128 2684 casus
1139 2611 1308 2700 quoac-

141 2726 205 2795 has,
222 2728 270 2785 ubi
281 2727 371 2803 agitur
384 2725 418 2783 de
433 2726 561 2783 clausura
569 2725 763 2793 custodienda,
777 2746 804 2784 v:
816 2747 844 2804 g:
855 2727 880 2784 si
889 2727 963 2784 ostio
972 2736 1071 2803 aperto
1080 2726 1304 2799 loquantur:

142 2844 208 2884 cum
222 2825 419 2889 saecularibus;
436 2825 520 2883 etiam
542 2825 572 2882 in
595 2827 817 2884 controversiam
832 2835 957 2894 vocatur,
979 2827 1113 2899 quamvis
1138 2831 1296 2883 custo&

142 2925 180 2983 sit
192 2927 340 2993 clausura,
352 2934 496 2997 tamquam
511 2923 596 2981 Sedis
609 2926 782 3001 Apostolicae
796 2924 951 3001 delegatus.

184 3029 252 3084 178.
273 3025 433 3082 Absolvens
447 3044 463 3081 a
477 3025 637 3091 reservatis,
651 3023 712 3082 sive
727 3025 873 3100 episcopo,
884 3025 945 3081 sive
959 3022 1031 3080 Sedi
1044 3018 1219 3099 Apostolicae
1228 3059 1260 3087 ‚

142 3133 279 3199 praetextu
297 3124 448 3199 privilegii,
462 3125 609 3182 incurrunt
621 3125 685 3200 ipso
704 3124 777 3182 facto
798 3122 1123 3181 excommunicationem
1146 3123 1252 3198 Papae

142 3232 324 3287 reservatam,
338 3240 375 3280 ex
389 3221 507 3280 decretis
529 3223 561 3279 S.
576 3222 613 3280 Ο.
629 3241 702 3281 auno
718 3226 791 3280 1601
816 3232 843 3280 et
868 3226 955 3291 1602,
979 3222 1145 3279 auctoritate
1167 3220 1250 3279 Gle⁶

142 3321 245 3378 mentis
260 3319 344 3376 Vlll.
359 3331 388 3377 et
401 3340 476 3378 anno
493 3325 579 3379 1607.
595 3323 756 3380 auctoritate
771 3321 852 3381 Pauli
865 3322 904 3379 V.

184 3421 251 3478 179.
273 3418 400 3475 Praelatis
421 3420 591 3495 regularium
606 3423 775 3497 permittitur
787 3441 824 3479 ex
846 3419 1005 3479 Clementis
1026 3418 1237 3480 Vlll.consti·

141 3519 260 3583 tutione,
274 3515 407 3574 undecim
422 3528 529 3576 tantum
545 3538 627 3577 casus
641 3520 695 3578 sibi
715 3538 877 3578 reservare:
892 3539 920 3577 v:
935 3539 964 3595 g:
979 3518 1004 3576 l.
1020 3521 1193 3596 apostasiam
1213 3533 1230 3570 ³

142 3615 310 3694 Religione:
326 3615 366 3672 ΙΙ.
387 3625 556 3675 nocturnum
571 3639 603 3676 ac
616 3618 750 3677 furtivum
764 3640 780 3677 e
796 3621 968 3678 monasterio
988 3637 1159 3694 egressum:
1174 3614 1224 3673 ΙΙΙ.

141 3717 288 3784 veneficia,
304 3717 518 3784 incantationes,
529 3726 557 3774 et
567 3718 726 3793 sortilegia:
741 3719 794 3777 IV.
810 3719 1011 3795 proprietatem
1023 3725 1222 3777 contrarotum

141 3817 323 3893 paupertatis,
338 3817 369 3874 in
388 3817 502 3874 materia
515 3818 610 3893 gravi:
626 3818 663 3876 V.
679 3817 783 3877 furtum
798 3817 916 3876 mortale
931 3816 1066 3875 derebus
1088 3824 1220 3876 monaste·

141 3916 184 3974 rii.
200 3917 253 3974 Vl.
276 3925 425 3994 peccatum
448 3917 540 3974 carnis
561 3927 806 3976 consummatum:
822 3918 891 3975 Vll.
909 3918 1108 3994 juramentum
1127 3915 1218 3974 salsum

142 4015 171 4072 in
188 4016 299 4093 judicio
318 4015 464 4092 legitimo:
479 4015 564 4074 VllI.
585 4017 823 4092 procurationem,
838 4016 1000 4084 consilium,
1022 4016 1069 4073 vel
1089 4014 1216 4074 auxilium

277 4245 319 4307 (1)
340 4241 366 4290 S.
380 4242 410 4290 G.
423 4242 500 4295 Ocno.
512 4249 552 4296 24.
563 4243 619 4297 Jan.
633 4249 737 4309 1711‚et
748 4250 789 4298 29.
801 4248 866 4298 Nov.
881 4251 953 4297 1712.

279 4327 321 4391 (2)
342 4325 368 4372 S.
379 4327 455 4391 Alph.
467 4331 526 4381 lvi.
538 4348 563 4380 n.
576 4334 633 4382 594.
829 4335 870 4400 (3)
889 4332 989 4393 Ibidem,
1000 4348 1026 4382 n.
1039 4334 1097 4383 602,
