2640 4860
362 1049 692 1126 TRACTATUS
735 1052 845 1126 XXI.

444 1275 510 1336 DE
559 1275 764 1338 ORDINE.

429 1716 572 1775 CAPUT
594 1716 777 1775 UNIOUM.

275 1915 299 1987 §.
320 1915 344 1972 Ι.
387 1913 434 1971 Da
456 1932 594 1971 cantuum
614 1932 748 1971 mannam
768 1932 808 1971 nu
829 1933 938 1974 nonna·

99 2092 126 2144 l.
150 2085 250 2151 Oeno,
264 2094 348 2160 prout
360 2083 408 2142 hic
422 2084 552 2152 sumitur,
573 2084 618 2142 vel
638 2083 745 2142 indicat
763 2085 848 2142 ritum
873 2103 930 2156 quo
943 2094 1069 2160 potestas
1083 2102 1149 2143 con·

71 2194 150 2243 crtur
163 2182 198 2240 ad
221 2202 339 2241 munera
361 2201 441 2240 sacra
461 2181 600 2249 obeunda,
621 2183 671 2255 qui
693 2184 861 2259 plerumque
875 2184 1017 2243 ordinatio
1030 2182 1148 2252 dicitur;

60 2285 107 2341 vel
132 2285 227 2358 ipsam
253 2289 420 2357 potestatem
440 2299 475 2338 ea
500 2281 624 2338 obeundi
644 2300 771 2340 munera.
823 2282 940 2359 Septem
966 2292 1151 2342 numerantur

61 2382 188 2447 ordineS,
204 2379 392 2438 sacerdotium
405 2379 523 2447 scilicet,
535 2377 708 2447 diaconatus,
720 2379 948 2449 subdiaconatus,
960 2381 1149 2458 acolythatus,

60 2480 259 2545 exorcismus,
273 2478 435 2546 lectoratus‚
449 2487 478 2534 et
490 2478 667 2535 ostiariatus:
690 2497 811 2550 quorum
826 2488 883 2535 tres
896 2482 1006 2556 priores
1021 2480 1152 2537 dicuntur

60 2581 186 2655 majores
201 2587 228 2633 et
241 2579 323 2644 sacri,
339 2595 373 2634 co
388 2576 464 2649 quod
477 2595 557 2633 sacra
570 2595 688 2634 munera
701 2577 819 2652 propius
832 2579 996 2653 respiciant,
1018 2586 1046 2634 et
1059 2576 1150 2635 homi·
1238 2626 1244 2637 .

62 2696 128 2736 nem
153 2676 218 2734 Deo
239 2684 378 2732 sacratum
402 2684 538 2751 perpetuo
558 2675 693 2751 ligamine
719 2673 889 2732 devinciant.
932 2674 974 2733 Hi
994 2693 1095 2733 omnes
1108 2694 1151 2732 re·

61 2784 215 2834 censentur
236 2795 252 2830 a
273 2772 409 2831 Cornelio
430 2773 519 2849 Papa,
543 2773 573 2830 in
592 2773 712 2848 epistola
735 2772 770 2829 ad
790 2772 910 2831 Fabium
938 2773 1151 2833 Antiochenam

62 2875 144 2932 tertio
158 2873 263 2930 saeculo
276 2872 371 2930 medlo
385 2864 515 2947 scripta.¹
556 2872 652 2929 Prima
673 2881 788 2929 tonsura
801 2880 845 2928 est
857 2873 927 2929 ritus
940 2873 1151 2930 ecclesiasticus

62 2991 119 3046 quo
144 2973 208 3045 quis
229 2970 263 3027 ad
289 2970 403 3028 ordines
424 2969 622 3044 suscipiendos
649 2979 770 3046 paratur,
791 2970 970 3045 capillorum,
991 2988 1101 3028 coronae
1116 2971 1152 3029 ad

61 3073 160 3138 instar,
176 3069 316 3127 tonsione.
359 3069 430 3128 Lato
451 3087 538 3126 sensu
552 3069 654 3127 dicitur
667 3068 748 3136 ordo,
770 3077 909 3141 quatenus
923 3071 987 3142 quis
1001 3069 1030 3126 in
1044 3068 1151 3129 clerum

62 3189 77 3226 e
90 3170 227 3227 laicorum
242 3177 317 3225 coetu
331 3168 372 3224 sic
386 3168 559 3225 transfertur.

101 3273 128 3325 2.
153 3266 292 3325 Ordinem
320 3285 384 3323 csse
411 3274 619 3325 sacramentum
645 3265 701 3323 fide
722 3274 843 3335 constat,
870 3255 1043 3344 quapropter
1066 3287 1151 3328 nemo

62 3369 136 3425 inter
150 3365 316 3423 Catholicos
330 3365 437 3422 dubitat
450 3364 637 3423 sacerdotium
653 3374 861 3424 sacramentum
875 3386 956 3435 esse3
977 3366 1055 3439 quod
1069 3368 1153 3446 pleri·

62 3484 118 3538 que
145 3465 180 3523 de
200 3464 350 3522 diaconatu
370 3465 455 3521 etiam
482 3464 640 3521 affirmant:
663 3463 698 3522 de
725 3467 835 3523 caeteris
856 3485 914 3524 non
940 3465 1012 3526 adeo
1032 3477 1151 3536 constat,

63 3583 153 3636 quum
166 3563 312 3639 impositio
326 3582 462 3621 manuum
484 3564 514 3621 in
534 3563 569 3620 iis
590 3580 646 3620 non
667 3563 725 3631 fiat,
747 3573 775 3620 et
795 3563 882 3622 iidem
896 3583 954 3622 non
968 3567 1026 3623 sint
1037 3566 1152 3624 ordines

64 3664 192 3721 minores
206 3661 282 3738 apud
297 3662 414 3720 Graecos
428 3663 478 3734 qui
493 3661 567 3737 apud
581 3661 710 3719 Latinos.

104 3766 134 3819 3.
157 3762 261 3819 Utrum
283 3761 467 3837 Episcopalis
489 3761 664 3818 consecratio
684 3761 721 3816 sit
740 3768 945 3816 sacramentum
967 3759 1154 3818 asacerdotio

65 3859 231 3919 distinctum
245 3879 375 3928 numero,
395 3860 469 3918 inter
489 3858 637 3935 theologos
660 3857 802 3930 quaeritur.
844 3856 1059 3914 Affirmautibus
1073 3858 1154 3935 plura

64 3958 171 4016 favent.
213 3958 394 4016 Testimonia
415 3958 450 4016 ad
469 3957 656 4015 Timotheum
677 3953 872 4032 episcopalem
893 3953 1098 4014 ordinationem
1111 3975 1155 4015 re·

64 4058 179 4134 spicere
205 4056 345 4124 videntur.
381 4057 544 4132 Apostolus
570 4055 655 4112 etiam
681 4052 801 4111 affirmat
826 4053 978 4128 episcopos
1004 4073 1021 4111 a
1046 4055 1155 4130 Spiritu

64 4157 172 4214 Sancto
187 4156 374 4214 constitutos:
397 4153 571 4213 “Attendite
586 4153 677 4220 vobis,
698 4158 727 4210 et
739 4151 871 4209 universo
886 4153 975 4229 gregi,
990 4153 1019 4211 in
1033 4172 1090 4226 quo
1103 4172 1155 4213 vos

169 4336 173 4345 ·
275 4313 316 4377 (l)
336 4311 411 4377 Apud
422 4311 513 4362 Euscb.
523 4312 539 4361 l.
550 4310 582 4362 vi.
592 4309 649 4361 hist.
661 4309 729 4362 Eccl.
739 4326 760 4360 c.
772 4308 831 4360 xliii.
843 4310 903 4361 elias
914 4326 989 4361 xxxv.

583 4393 623 4447 24
633 4393 649 4425 ¹*
