2640 4860
498 389 555 449 DE
578 389 795 450 DIVORTIO.
1134 396 1193 450 323

100 555 170 615 tium
193 559 279 616 ctiam
301 556 378 623 licet,
400 564 467 615 sunt
485 557 563 614 enim
583 558 701 615 crimina
721 557 859 617 adulterio
880 559 1061 627 immaniora,
1085 569 1191 620 etcum

99 656 233 734 conjugis
253 656 423 733 gravissima
442 656 562 733 injuria:
585 656 707 732 pollutio
728 666 832 726 autem,
856 677 887 716 se
911 659 983 725 solo,
1006 676 1064 715 non
1078 657 1196 718 habetur

99 753 214 814 divortii
228 774 324 814 causa.
366 754 511 813 Delictum
532 764 642 814 constet
662 765 791 832 opertam
812 756 864 814 sed
889 765 918 814 et
939 757 1195 817 vehementissima

98 856 241 932 suspicio,
255 874 292 913 ex
305 854 418 912 indiciis
432 855 490 913 sere
504 855 661 913 manifestis
675 865 744 923 orta,
759 856 918 914 certitudini
933 856 1121 931 aequiparatur
1132 854 1156 913 :¹
1170 861 1195 916 si

99 957 179 1013 enim
203 955 305 1012 mulier
324 955 386 1011 sola
405 974 472 1012 cum
487 955 548 1011 viro
569 955 597 1012 in
621 954 694 1012 lecto
708 955 871 1029 reperiatur,
887 955 932 1012 vel
958 955 1024 1013 alibi
1038 956 1114 1013 nuda
1127 975 1193 1014 cum

100 1055 190 1122 nudo,
206 1053 336 1112 adulterii
355 1072 404 1110 rea
424 1053 499 1112 haud
519 1062 626 1111 temere
641 1063 782 1111 censetur.
826 1053 940 1131 Copula
953 1055 1061 1127 absque
1075 1056 1195 1114 seminis

100 1153 243 1212 effusione
258 1153 435 1232 probabilius
450 1153 560 1210 videtur
573 1172 630 1211 non
644 1172 708 1211 esee
722 1153 837 1211 divortii
850 1172 944 1223 causa,
967 1154 1064 1226 “quia
1076 1156 1195 1213 nomine

101 1252 298 1311 fornicationis
324 1252 510 1329 intelligenda
536 1265 580 1309 cst
599 1252 750 1311 fornicatio
783 1254 811 1310 iu
844 1271 897 1311 suo
930 1271 1033 1329 genere
1060 1253 1194 1329 perlecta,

101 1370 208 1428 nempe
221 1363 418 1410 consummata
437 1370 488 1429 per
501 1352 738 1421 seminationem
760 1351 833 1410 alias
848 1371 905 1410 non
920 1352 1000 1410 adest
1014 1371 1079 1409 vera
1091 1353 1196 1411 divisio

100 1452 207 1519 carnis,
221 1452 273 1510 sed
287 1451 349 1509 sola
362 1450 464 1509 divisio
478 1459 618 1519 attentata,
642 1470 693 1527 per
706 1451 796 1509 solam
810 1453 886 1511 enim
908 1452 1125 1510 seminationem
1139 1452 1195 1510 sor·

101 1553 230 1609 uicantes
243 1551 315 1609 fiunt
326 1569 383 1609 una
396 1546 512 1609 car0.’'²
532 1549 676 1608 Caeterum
688 1552 735 1608 vix
747 1553 812 1629 cogi
827 1562 921 1627 potest
932 1552 1049 1610 maritus
1064 1551 1099 1608 ad
1111 1553 1196 1610 retiu-

102 1650 209 1709 endum
224 1669 321 1708 secum
336 1669 456 1709 uxorem
469 1669 532 1724 quae
547 1650 635 1707 alium
648 1651 687 1707 ita
702 1654 826 1726 excepit.

143 1753 212 1807 116.
235 1750 380 1808 Delictum
395 1759 459 1808 ante
473 1749 586 1825 nuptias
600 1749 768 1817 admissum,
789 1763 818 1807 et
831 1749 967 1824 deinceps
981 1748 1122 1807 detectum
1137 1769 1196 1809 non

103 1858 147 1908 est
160 1849 308 1906 sufficiens
322 1850 436 1907 divortii
450 1867 552 1906 causa:
574 1849 631 1907 nisi
651 1849 783 1926 injuriam
804 1850 876 1907 serat
895 1849 1006 1916 marito,
1027 1859 1112 1925 prout
1131 1869 1198 1908 con-

102 1949 232 2025 tingeret,
256 1949 282 2006 si
302 1950 405 2007 mulier
424 1949 458 2005 ab
482 1949 537 2005 alto
557 1948 673 2022 gravida
693 1947 766 2006 soret
785 1947 851 2008 dum
875 1949 1008 2006 nuberet:
1031 1957 1098 2006 tunc
1119 1949 1197 2007 euim

104 2058 203 2125 utpote
217 2048 316 2107 illusus
331 2057 359 2105 et
371 2049 456 2105 laesus
478 2055 572 2124 potest
585 2066 601 2103 a
614 2067 645 2105 se
658 2066 799 2115 amovere,
815 2067 852 2106 ex
866 2049 1008 2106 Ecclesiae
1023 2049 1196 2114 auctoritate,

104 2165 166 2204 eam
181 2167 244 2220 quae
258 2147 386 2205 fraudem
400 2157 429 2205 et
441 2145 603 2204 dededecus
619 2147 659 2204 illi
676 2147 773 2204 molita
786 2158 839 2205 est.

146 2251 214 2306 1¹17.
236 2246 399 2305 Divortium
412 2246 575 2322 denegatur,
590 2247 614 2302 si
628 2247 731 2324 injuria
741 2248 801 2324 jam
814 2246 974 2305 condonata
984 2247 1029 2313 sit,
1042 2265 1104 2318 quae
1119 2247 1196 2305 enim

104 2346 215 2415 marito,
231 2364 317 2418 quem
330 2346 410 2404 novit
422 2344 551 2403 adulterii
562 2363 652 2413 reum,
668 2365 776 2404 morem
792 2349 890 2423 gessit,
901 2347 1029 2405 debitum
1041 2345 1197 2414 reddendo,

103 2446 204 2518 nequit
217 2455 317 2521 postea
338 2445 472 2521 injuriam
487 2445 603 2502 ulcisci:
626 2445 702 2517 quod
726 2447 750 2502 si
771 2465 828 2503 non
849 2448 961 2504 noverit
982 2446 1129 2512 delictum,
1151 2445 1197 2503 vel

99 2547 148 2623 jus
163 2546 220 2604 sibi
234 2563 298 2602 esse
312 2543 473 2611 recedendi,
494 2544 569 2601 haud
592 2544 736 2620 ignovisse
750 2543 895 2602 censenda
908 2558 961 2601 est.
1005 2543 1123 2610 Oscula,
1139 2563 1198 2601 am-

105 2645 218 2721 plexus,
234 2653 335 2712 tactus,
349 2644 435 2701 etiam
450 2645 555 2715 absque
569 2644 683 2720 copula,
705 2643 792 2701 veluti
806 2643 896 2700 veniae
910 2642 1025 2707 indicia,
1039 2642 1196 2710 habentur;

104 2744 154 2802 sed
178 2745 203 2800 si
217 2743 383 2820 ignoscendi
404 2745 517 2800 animus
538 2742 669 2810 deluerit,
692 2743 829 2800 innocens
856 2736 928 2799 non³
954 2740 1030 2797 cadit
1050 2760 1103 2798 suo
1119 2742 1196 2817 jure.

105 2843 162 2910 Qui
177 2844 206 2901 in
220 2844 319 2900 uxoris
333 2842 501 2900 adulterium
515 2843 671 2910 consensit,
694 2843 738 2900 vel
759 2861 822 2899 eam
846 2842 875 2898 in
896 2839 1049 2897 discrimen
1063 2839 1198 2898 manifes-

104 2954 164 3001 tum
177 2943 312 3019 conjecit,
327 2960 362 2999 en
376 2941 498 3000 consilio
509 2950 540 2998 ut
552 2940 741 3012 delinqueret,
752 2941 851 3012 nequit
860 2939 927 2998 inde
937 2939 1050 2996 divortii
1063 2951 1198 3014 expetere

104 3061 240 3099 causam:
262 3059 328 3098 nam
341 3041 396 3098 sibi
409 3040 438 3098 id
452 3041 590 3117 imputare
605 3039 697 3098 debet.
740 3041 789 3097 Sic
803 3041 851 3112 qui
872 3048 950 3114 pater
963 3039 1083 3114 cupiens
1098 3036 1197 3105 videri,

105 3142 281 3218 significaret
293 3141 376 3198 uxori
390 3158 421 3198 se
435 3140 508 3198 velle
519 3158 582 3197 eam
598 3149 715 3198 matrem
729 3139 800 3206 fieri,
823 3156 1003 3211 quacumque
1018 3138 1136 3205 ratione,
1153 3139 1197 3195 vel

102 3242 240 3318 juvenem
254 3239 384 3298 consulto
409 3239 486 3297 domi
507 3240 688 3311 relinqueret,
710 3257 742 3295 sc
763 3240 898 3306 absente,¹
909 3256 965 3294 non
981 3246 1079 3312 posset
1091 3238 1200 3295 crimen

105 3350 263 3418 praetexere
277 3339 390 3397 divortii
405 3357 537 3396 eausam:
560 3357 655 3406 secus,
677 3338 701 3394 si
723 3339 873 3415 suspicans
894 3356 1015 3395 uxorem
1029 3357 1094 3396 esse
1108 3338 1200 3414 impu-

106 3439 210 3507 dicam,
238 3439 420 3497 occasionem
452 3440 601 3514 praeberet,
623 3438 665 3495 rei
690 3438 855 3515 detegeudae
875 3457 971 3505 nausa,
1002 3439 1072 3511 quin
1097 3456 1202 3514 magno

106 3539 243 3617 objiceret
252 3557 317 3595 eam
331 3537 502 3596 discrimini.
524 3537 596 3604 Quae
611 3537 777 3595 adulterium
793 3538 917 3606 admisit,
931 3556 965 3594 eo
980 3537 1056 3610 quod
1071 3558 1086 3594 a
1101 3539 1200 3595 marito

106 3638 240 3696 derelicta
254 3636 347 3704 fuerit,
364 3637 407 3695 vel
422 3636 508 3695 domo
523 3636 615 3713 pulsa,
638 3637 683 3694 vel
706 3637 780 3694 male
800 3637 906 3703 habita,
927 3654 985 3693 non
1001 3645 1095 3711 potest
1107 3636 1201 3692 mariti

108 3739 219 3815 culpam
255 3736 377 3813 allegare
410 3755 446 3794 ne
480 3735 632 3794 divortium
661 3728 854 3792 decernatur.⁴
905 3732 1084 3790 Adulterium
1117 3732 1199 3804 quod

107 3838 213 3911 absque
226 3836 312 3912 culpa
327 3837 454 3912 contigit,
466 3835 549 3893 debet
562 3852 658 3892 carere
673 3851 773 3909 prena:
790 3841 961 3906 quapropter
970 3831 995 3888 si
1009 3831 1122 3902 aliqims
1136 3829 1201 3887 dor·

108 3937 205 3995 mienti
218 3936 385 4012 obrepserit,
400 3935 445 3993 vel
459 3935 637 4011 oppresserit
656 3932 785 3997 invitam,
800 3947 859 3987 nou
873 3930 928 3987 erit
940 3928 1090 3986 divortium
1104 3937 1201 4005 peten-

141 4115 184 4180 (1)
205 4111 237 4161 0.
248 4110 316 4161 Dicit
326 4110 456 4171 Dominus,
465 4109 544 4159 xxxii.
555 4124 597 4175 qu.
605 4108 622 4158 i.
804 4107 856 4172 Ι(2)
876 4105 903 4155 S.
914 4101 990 4168 Alph.
1001 4103 1017 4151 l.
1029 4102 1061 4151 vi.
1072 4117 1097 4152 n.
1109 4103 1167 4150 963.

143 4201 184 4264 (3)
206 4196 268 4261 Gap.
280 4197 312 4245 vi.
326 4197 364 4245 De
376 4213 403 4247 eo
414 4196 460 4262 qui
471 4192 592 4262 cognobit.

129 4285 188 4349 ·(4)
209 4281 240 4331 C.
252 4281 408 4342 Significasu,
419 4280 449 4330 de
458 4280 545 4332 divort.
581 4279 610 4329 G.
623 4278 660 4328 lta
670 4275 849 4339 ne,xxxii.qu.
862 4293 883 4324 v.
918 4273 947 4325 L.
961 4274 1053 4333 Palam,
1064 4272 1096 4323 D.
1107 4272 1137 4325 de
1148 4272 1201 4326 ritu

108 4367 267 4435 nuptiarum.
303 4366 367 4416 Vide
376 4373 401 4415 et
412 4366 523 4416 Sanehez
535 4366 551 4414 l.
563 4380 585 4413 v.
598 4363 627 4415 de
640 4363 752 4426 diuortio,
763 4361 824 4426 disp.
834 4377 857 4411 v.
