2640 4860
134 384 196 445 DE
210 383 264 445 us
277 380 382 452 QUAE
393 380 449 441 AD
464 372 732 453 autumn.
747 379 1072 449 REQUIRUNTUR.
1094 386 1153 447 1⁰⁹
1169 474 1172 483 Ι

359 854 457 919 ⁸''
499 904 642 966 carun
663 905 718 967 1v..
810 936 868 1015 ,ρ
919 842 939 865 ’

237 1123 276 1164 nu
297 1122 336 1164 rrs
356 1122 425 1171 nnn
446 1123 486 1164 an
506 1096 975 1187 onuunaarmmfmnmnnroa.

467 1282 531 1359 §.L
573 1282 622 1342 Du
636 1302 758 1345 surm.

89 1430 150 1515 38.
170 1434 268 1512 Altare
289 1451 434 1529 lapideum
459 1454 577 1511 omnino
589 1455 742 1527 requiritur
754 1455 789 1514 ad
803 1456 934 1515 sacrificii
959 1456 1066 1515 licitam
1081 1457 1154 1516 cele-

54 1554 235 1615 brationemr
257 1569 313 1611 neo
325 1570 452 1625 unquam
464 1553 531 1611 licet
543 1553 651 1626 absque
664 1572 700 1613 eo
714 1554 865 1623 celebrare,
880 1557 965 1616 etiam
980 1554 1015 1614 ad
1028 1552 1156 1669 dandngr

58 1663 167 1732 aegroto
191 1652 342 1721 rlaficnm,
360 1651 408 1711 vel
434 1650 468 1709 ad
493 1652 675 1730 prebendam
701 1653 829 1713 fidelium
850 1654 1021 1714 multitudini
1041 1648 1178 1747 copiqf

57 1752 200 1831 implendi
225 1751 372 1829 praecepti.
416 1751 532 1818 “Quod
553 1751 703 1825 quidem,'’
722 1754 814 1826 iuquit
834 1755 866 1812 S.
882 1755 1023 1824 Thomas,
1047 1746 1154 1815 “corif-

58 1849 387 1933 psfitetsignilicationi
410 1851 496 1928 hujus
523 1853 708 1910 sacramenti:
731 1862 790 1912 tum
811 1854 879 1926 quia
901 1855 988 1913 altare
1012 1856 1155 1930 significat

60 1942 233 2011 christani
252 1950 355 2009 dicitur
380 1960 475 2009 autem
502 1956 515 2008 1
533 1951 604 2009 Cor.
619 1971 648 2009 x.
671 1960 769 2028 ‘petra
789 1962 881 2011 autem
903 1962 962 2011 erat
988 1952 1122 2012 Christus
1133 1953 1152 2010 :’

61 2063 119 2110 turn
133 2044 220 2109 etiam
233 2051 301 2124 qnia
313 2069 418 2126 corpus
433 2050 543 2109 Christi
556 2051 586 2109 in
600 2050 752 2126 sepulchro
765 2053 879 2129 lapideo
899 2051 951 2110 suit
964 2052 1152 2112 reconditum.

62 2150 212 2227 Competit
222 2150 314 2221 etiarn
327 2150 425 2231 qupad
438 2169 523 2209 usum
545 2152 733 2210 sacramenti:
755 2153 828 2229 lapis
845 2153 922 2212 enirn
937 2162 965 2210 et
977 2152 1086 2211 solidus
1100 2161 1165 2218 est,

62 2260 89 2308 et
111 2249 148 2309 de
165 2248 247 2335 rapiti
266 2258 366 2339 potqtx
375 2240 503 2313 inveniri
524 2246 679 2323 ubique.’'l
719 2252 804 2319 Quod
825 2253 850 2310 si
874 2253 937 2326 quis
958 2253 1034 2313 illius
1049 2253 1153 2312 oblitus

64 2348 154 2418 fuerit,
167 2336 347 2427 relatiuam
358 2358 461 2418 careat,
476 2350 614 2426 populum
633 2369 746 2410 monere
761 2353 902 2430 oportebit
914 2352 1053 2421 defectus,
1066 2372 1103 2411 ne
1116 2370 1153 2410 ex
1205 2386 1211 2395 ·

66 2445 245 2527 Missa'lraud
258 2449 398 2508 celebrata
411 2448 576 2509 scandalum
590 2451 706 2508 oriatur.
1163 2518 1166 2523 ,

100 2551 151 2609 97.
173 2546 384 2607 consecratum
405 2550 444 2606 sit
466 2549 501 2606 ab
521 2551 659 2628 episcopo
680 2567 799 2607 necesse
819 2559 871 2618 est,
887 2551 936 2622 qui
957 2549 1082 2627 lapidem
1099 2549 1153 2608 fra·

66 2648 156 2725 gilem,
172 2648 264 2720 qualis
279 2648 365 2725 vulgo
378 2647 479 2706 dicitnr
491 2647 576 2716 alate,
592 2667 771 2722 nequaquam
785 2647 1059 2706 debetconsecrare:
1076 2647 1153 2720 quod

67 2749 88 2805 si
100 2748 186 2806 altare
201 2747 293 2826 frangi
306 2748 468 2826 contigerit,
482 2748 521 2805 ita
532 2760 564 2808 ut
577 2767 641 2826 pars
655 2749 764 2826 integra
782 2766 840 2806 non
862 2747 984 2805 sufficiat
1005 2747 1106 2806 hostiae
1126 2755 1155 2805 et

66 2847 161 2924 majori
174 2848 248 2924 parti
262 2847 359 2905 calicis
372 2832 528 2925 capiendae,
541 2849 597 2906 alio
610 2848 714 2924 lapide,
729 2847 815 2924 hujus
829 2847 929 2905 saltem
944 2846 1151 2922 amplitudinis,
1243 2868 1247 2873 ·

67 2963 133 3022 opus
160 2947 225 3014 erit,
253 2946 303 3021 qui
328 2947 389 3024 pari
409 2948 518 3005 ratione
537 2948 572 3005 ab
597 2948 735 3024 episcopo
761 2954 953 3005 consecretur.
1002 2944 1153 3004 Portatile

67 3043 163 3104 dicitur
173 3046 260 3105 altare
271 3045 445 3124 hujusmodi,
456 3045 533 3120 quod
543 3049 572 3106 in
582 3065 681 3105 mensa
690 3046 859 3123 repositum,
869 3046 901 3103 fit
910 3046 1042 3104 sacrificii
1051 3045 1151 3104 locus:

66 3145 111 3203 sed
122 3145 231 3224 fisum
246 3146 332 3205 altare
346 3146 375 3204 iu
395 3146 527 3205 ecclesiis
547 3154 661 3224 praestat
681 3145 795 3214 habere,
817 3144 979 3221 etquidem
1001 3165 1037 3204 ex
1057 3145 1152 3222 lapide

68 3252 151 3303 toturn
165 3245 341 3314 confectum,
356 3255 385 3303 et
395 3246 562 3305 solemniter
573 3255 788 3304 consecratum:
887 3232 957 3331 gip
969 3247 1028 3306 basi
1042 3248 1071 3305 vi
1081 3245 1156 3305 arel·
1202 3282 1206 3287 -

66 3342 142 3413 latur,
167 3345 214 3403 vel
237 3344 392 3403 admodum
412 3345 565 3424 frangatur,
579 3355 610 3403 ut
630 3363 696 3422 pars
717 3338 874 3427 integrsp',
911 3338 1042 3429 ''s‘i'rfficiat
1054 3347 1153 3405 calicis

67 3445 163 3520 maj0ri
177 3446 251 3521 parti
265 3443 410 3521 capienda
424 3464 490 3504 curn
504 3445 607 3513 hostia,
625 3445 686 3523 jam
710 3465 769 3505 non
791 3430 913 3507 habeor
923 3432 1155 3506 'consecratum2

68 3541 188 3608 Quando
210 3543 241 3601 in
254 3543 384 3601 eeclesiis
398 3545 485 3602 altare
498 3545 587 3604 fixum
607 3565 665 3604 non
683 3528 736 3615 est,
758 3546 913 3607 curandum
928 3557 959 3605 ut
972 3567 1020 3605 ara
1040 3555 1059 3583 ‘⁶
1070 3548 1099 3604 in
1119 3564 1154 3604 eo

68 3640 188 3700 inserta'’
212 3642 356 3711 habeatur,
381 3642 417 3700 ad
438 3644 560 3704 fusionis
583 3645 741 3721 periculum
765 3646 928 3704 vitandum:
955 3645 1034 3718 quod
1061 3655 1156 3702 tamen

69 3741 164 3814 nequit
172 3740 360 3816 fieriubique
373 3743 403 3801 in
416 3744 612 3803 missionibus.

103 3842 154 3903 08.
163 3838 318 3935 pualiquiae
332 3843 363 3901 in
379 3842 458 3903 altari
480 3862 517 3902 ex
537 3844 677 3903 Ecclesiae
698 3841 903 3901 consuetudine
917 3840 1106 3912 requiruntur,
1121 3849 1152 3897 ut

69 3940 311 4001 nncmm'cum
324 3940 443 4004 Christo
456 3944 577 4002 societas
590 3942 763 4020 designetur,
778 3950 806 3999 et
818 3940 921 3999 veteris
936 3940 1024 3997 moris
1043 3957 1157 3998 sacrum

69 4039 227 4100 ademundi
241 4041 271 4100 in
291 4046 454 4119 martyrum
463 4043 624 4120 sepulchris
638 4050 764 4100 servetur
776 4046 1011 4098 monumentum:
1033 4048 1157 4097 attamen

72 4139 197 4218 indulget
216 4133 303 4200 nobis*
326 4141 418 4201 Sedes
441 4143 608 4221 Apostolica
620 4140 782 4199 facultatem
795 4137 955 4197 celebrandi
976 4139 1057 4197 “sub
1070 4126 1201 4317 dios&

110 4342 605 4477 v(1)iii.p.qnlxxxiii.artiitad5.
759 4342 802 4409 (a)
822 4320 1099 4406 caputoeonsurJ'
1212 4290 1232 4351 *²

138 4439 185 4480 on.
200 4422 334 4482 llI.-ll
