2640 4860
427 377 569 440 CAPUT
590 378 776 441 UNlctJtt.
1083 387 1153 443 w-

51 547 131 607 effici
143 544 333 615 ordinantem,
347 545 441 621 quelie
451 546 554 607 estille
567 548 617 620 qui
630 565 689 606 non
701 548 805 607 meruit
817 547 940 608 ordinari
950 545 999 606 3⁹³¹
1039 548 1144 611 Sedet

51 647 145 725 major
157 644 318 707 adhibenda
326 644 527 724 eetdiligentiu
539 647 569 704 in
582 646 715 723 parochis
729 657 758 705 et
770 648 915 724 episcopie
925 646 1121 725 designandis.

90 749 144 805 24.
164 746 299 805 Examen
321 742 541 805 ordinandorum
554 745 716 804 laciendum
729 754 784 805 eet.
825 747 858 805 Si
872 748 1017 824 contingat
1029 749 1144 827 episco-

52 863 124 922 pum
137 845 287 923 proprium
306 862 356 903 eos
376 842 517 903 dimittere
537 842 574 901 ad
595 845 682 903 elium
702 842 887 913 mdiuandoe,
907 844 990 903 debet
1003 849 1081 922 prius
1095 867 1146 906 ex·

53 962 139 1003 amen
151 944 308 1012 instituere,
323 961 389 1001 nam
410 950 430 978 “
439 960 497 1001 non
516 941 599 1001 aliter
619 960 705 1016 quam
727 942 859 1021 probatos
872 953 900 1000 et
913 946 1091 1005 examinatos
1106 946 1142 1004 ad

52 1043 142 1102 alium
155 1043 324 1119 episcopum
338 1039 532 1100 ordinandos”
544 1041 689 1101 dimittere
711 1041 797 1101 debet
814 1062 853 1102 ex
873 1042 996 1102 concilio
1020 1044 1143 1104 Triden-

52 1133 143 1200 tino.²
182 1140 266 1203 Licet
276 1158 392 1214 quoque
405 1142 545 1217 episcopo
563 1138 680 1201 ordines
691 1141 847 1201 conferenti
861 1160 984 1201 examen
996 1142 1144 1203 instituere

54 1258 157 1299 eorum
170 1239 220 1314 qui
229 1238 291 1317 jem
304 1259 322 1297 a
334 1256 387 1297 suo
398 1238 520 1316 praesule
534 1239 644 1316 probati
656 1250 733 1299 sunt.

93 1343 146 1398 25.
166 1337 310 1421 Linguam
322 1336 455 1397 Latinam
468 1338 571 1397 callere
584 1336 691 1397 debent
708 1341 757 1414 qui
780 1340 906 1399 minores
925 1338 1042 1401 ordines
1053 1342 1144 1401 tosci-

54 1456 126 1516 pere
136 1437 247 1497 volunt.
288 1437 346 1504 Qui
370 1435 408 1495 ad
425 1436 661 1497 subdiaconatum
680 1446 710 1496 et
729 1438 910 1499 diaconatum
930 1450 1146 1517 promoventur,

53 1554 179 1596 examen
189 1536 285 1595 subire
298 1534 404 1594 debent
414 1532 451 1595 de
461 1536 560 1595 litteris
573 1545 602 1594 et
614 1535 649 1595 de
660 1538 695 1596 iis
709 1556 773 1610 quae
784 1537 819 1597 ad
829 1537 964 1597 ordinum
975 1541 1147 1599 mmdtium

54 1637 210 1715 pertinent.
252 1635 388 1699 Examen
409 1650 508 1693 eorum
528 1636 578 1708 qui
598 1635 788 1695 sacerdotium
808 1638 945 1704 ambiunt,
960 1637 1045 1696 debet
1056 1640 1147 1715 respi-

55 1754 121 1794 cere
136 1753 200 1807 quae
213 1730 334 1793 doceant
345 1741 475 1812 oporteat
487 1734 626 1811 populum
640 1734 765 1803 fidelem,
786 1735 897 1794 scilicet
919 1754 983 1809 qnae
997 1738 1070 1796 seire
1084 1757 1144 1797 om·

56 1836 143 1893 nibus
156 1835 350 1892 necessarium
370 1840 414 1890 est
435 1831 470 1891 ed
490 1832 621 1901 salutem,
644 1844 673 1891 et
691 1851 756 1907 quta
775 1835 920 1911 portinent
938 1835 974 1893 ad
987 1854 1146 1896 sacramen·

57 1943 151 1992 torum
166 1930 449 1991 administrationem.
492 1932 643 2009 Precipna
655 1931 764 1993 ethices
775 1932 938 1993 christiane
951 1934 1102 2011 principia,
1117 1945 1146 1993 et

57 2051 121 2107 quaa
135 2032 228 2107 magis
241 2032 401 2090 necessaria
413 2040 481 2090 sunt
492 2032 576 2101 scitu,
590 2048 692 2091 omues
704 2030 809 2091 callere
820 2031 935 2101 debent,
947 2034 1034 2093 etiam
1048 2037 1097 2108 qui
1112 2034 1148 2092 ad

56 2149 162 2190 munus
175 2129 372 2191 confessiones
384 2128 518 2189 audiendi
537 2148 597 2191 uon
615 2130 804 2201 destinantur,
827 2132 878 2191 sed
891 2133 912 2190 ii
924 2134 1081 2208 presertim
1095 2136 1145 2209 qui

57 2230 147 2287 sacris
160 2229 345 2289 missionibus
358 2231 482 2289 vacaturi
494 2238 571 2289 eunt.
613 2230 760 2290 Mitior-em
780 2232 888 2291 nullam
905 2231 1012 2292 decreti
1026 2233 1149 2292 Triden-

57 2329 111 2386 tini
134 2327 196 2386 dari
215 2346 302 2405 posse
321 2328 581 2406 interpretationem
601 2331 712 2389 censuit
734 2331 907 2390 Benedictus
921 2330 1006 2391 xlv.
1021 2351 1106 2405 quam
1120 2334 1146 2391 si

60 2427 231 2504 Theologiae
245 2428 366 2487 Moralis
377 2428 498 2487 scicntia
510 2428 546 2487 ab
558 2429 594 2487 iis
608 2429 747 2505 exigatur.
789 2432 814 2487 Α
835 2432 913 2507 gravi
933 2431 1017 2507 culpa
1030 2450 1088 2491 non
1102 2450 1151 2492 ex·

58 2534 140 2586 cusat
152 2526 185 2583 S.
200 2526 365 2604 alphonsus
378 2527 553 2599 sacerdotem
576 2527 626 2600 qui
645 2545 704 2585 non
726 2527 811 2586 habet
829 2528 981 2600 aliqualem
1001 2531 1151 2588 scientiam

59 2627 136 2683 circa
150 2626 280 2684 materias
294 2627 385 2702 magis
407 2626 515 2694 obvias,
538 2643 601 2698 quae
621 2625 763 2701 pertinent
784 2624 819 2684 ad
839 2635 1047 2685 sacramentum
1061 2628 1152 2703 poeni·

60 2719 183 2782 tentiae.³
203 2722 352 2783 Consonat
365 2725 397 2782 S.
412 2724 561 2783 Thomas:
583 2733 603 2761 “
612 2723 658 2781 Ad
671 2722 748 2796 quod
760 2723 849 2783 horno
861 2723 1006 2782 ordinatus
1019 2725 1148 2784 officium

60 2832 230 2895 exequatur,
253 2832 366 2899 oportet
386 2823 462 2896 quod
475 2824 579 2881 habeat
596 2831 703 2882 tantum
718 2821 895 2891 descientia,
909 2821 986 2894 quod
999 2824 1104 2882 sufficit
1116 2824 1152 2882 ad

59 2921 117 2983 hoc
132 2920 210 2994 quod
223 2921 360 2999 dirigatur
371 2922 401 2980 in
414 2932 478 2980 actu
492 2922 568 2980 illius
581 2921 702 2990 ordinis,
716 2921 781 2980 ideo
794 2921 856 2978 talis
870 2921 989 2981 scientia
1000 2923 1152 2996 requiritur

59 3022 89 3080 in
104 3039 152 3089 eo,
167 3022 216 3094 qui
230 3019 264 3077 ad
277 3021 390 3079 ordines
405 3021 566 3096 promoveri
579 3015 711 3079 debet.”⁴
750 3020 808 3087 Qui
828 3017 976 3079 ordinandi
990 3030 1066 3090 suut,
1081 3023 1152 3095 quin

54 3121 161 3179 statim·
185 3129 287 3178 vacent
314 3120 509 3189 missionibus,
539 3119 614 3177 haud
637 3119 766 3197 indigent
785 3127 861 3177 tanta
886 3120 1007 3178 scientia
1035 3140 1068 3179 ac
1101 3121 1151 3180 alii

60 3220 167 3293 quibus
181 3238 249 3278 cura
261 3219 418 3278 animarum
434 3220 627 3278 committitur.

101 3321 153 3376 26.
176 3318 235 3385 Qui
247 3318 353 3378 litteras
367 3320 506 3396 ignorant,
521 3319 592 3377 adeo
605 3327 637 3375 ut
647 3326 790 3390 nequeant
802 3319 920 3377 omnino
934 3320 1072 3395 perticere
1089 3339 1153 3394 qun

61 3416 171 3476 ordinis
185 3419 231 3477 sui
243 3427 320 3486 sont,
340 3418 509 3494 irregulares
521 3417 645 3476 habendi
665 3427 741 3485 sunt,
761 3435 828 3476 nam
848 3418 996 3478 illiteratus
1020 3431 1156 3480 arcetura

62 3516 255 3594 suscipiendis
267 3516 412 3575 ordinibus
426 3536 461 3574 eo
475 3527 558 3594 pacto
572 3536 629 3590 quo
643 3535 762 3593 corpore
775 3514 916 3576 vitiatus.⁵

101 3619 155 3675 27.
176 3616 211 3675 In
224 3615 400 3693 regularibus
414 3634 472 3675 uon
486 3617 585 3675 eadem
600 3617 725 3693 exigitur
737 3618 858 3674 scientia
871 3636 903 3674 ac
917 3618 946 3676 in
959 3617 1152 3684 saecularibus,

63 3714 132 3787 quia
143 3716 237 3794 magis
251 3714 419 3773 addicuntur
432 3716 543 3792 pietatis
563 3716 717 3782 exercitiis,
738 3724 767 3772 et
788 3715 904 3773 nonnisi
923 3734 961 3772 ex
973 3716 1154 3790 superiorum

60 3813 172 3890 judicio
192 3813 228 3872 ad
248 3813 367 3873 aliorum
390 3814 510 3872 salutem
530 3822 722 3880 assumuntur,
743 3821 894 3888 postquam
915 3813 945 3870 in
959 3812 1077 3870 scientia
1090 3829 1155 3887 pro·

64 3911 183 3972 fecerint
202 3914 275 3972 intra
293 3915 397 3972 socios.
440 3912 584 3972 eaerum
611 3914 660 3986 qui
679 3909 844 3969 ordinantur
868 3927 903 3966 eo
923 3910 980 3969 fine
1007 3918 1038 3967 ut
1057 3927 1155 3969 euram

103 4134 146 4197 (l)
165 4131 245 4195 Epist.
254 4131 271 4181 i.
283 4132 342 4182 alias
353 4133 455 4184 lmvii.
591 4133 634 4197 (2)
654 4130 719 4179 Sese
731 4127 799 4179 xxiii.
811 4144 832 4177 c.
843 4127 877 4177 ιιι.
887 4126 917 4177 de
929 4126 981 4176 Res.

103 4223 146 4288 (3)
167 4219 197 4270 L.
211 4221 242 4272 vi.
253 4237 279 4270 n.
290 4223 347 4270 791.
591 4221 633 4287 (4)
653 4219 683 4268 ln
695 4218 726 4267 iv.
737 4217 792 4266 dist
802 4217 870 4267 xxiv.
880 4231 921 4279 qu.
933 4216 948 4265 'u
960 4230 994 4266 ar.
1003 4217 1037 4268 iii.
1046 4233 1087 4281 qu.
1098 4217 1123 4267 ii.

591 4305 633 4371 (5)
654 4303 715 4368 Gap.
726 4303 864 4363 illiteratus,
874 4301 929 4352 dist.
940 4302 1025 4353 xxxvi.

107 4402 186 4463 Vol..
201 4402 340 4462 tlt-25
