2640 4860
311 385 368 447 Du
389 384 574 445 MUNERE
596 383 887 446 OONFESSARII.
1087 391 1148 449 239

53 553 170 621 delatio,
194 552 220 610 si
244 554 279 611 ab
299 553 395 627 aliquo
415 554 514 626 nequit
532 553 593 611 fieri
614 570 720 629 perse,
734 551 834 613 saltem
848 564 893 613 est
905 553 1033 613 facienda
1047 552 1148 635 (modo

53 655 127 714 absit
137 651 298 729 periculum
308 653 430 729 propriae
441 649 578 732 infamiae)
592 671 644 729 per
656 652 817 727 epistolam,
827 654 873 711 vel
886 655 970 714 aliam
984 673 1147 731 personam,

53 755 99 812 vel
113 751 258 810 monendo
266 751 405 829 judicem,
419 760 451 809 ut
462 753 553 811 mittut
565 752 705 811 notarium
719 750 748 808 in
762 750 880 811 domum
893 773 992 821 suam;
1008 755 1057 827 qui
1070 757 1148 813 enim

53 861 164 912 tenetur
178 850 324 919 adfinem,
339 859 450 912 tenetur
461 853 548 910 etiam
561 852 596 910 ad
610 845 752 909 media.”l
793 851 824 908 N
826 871 863 910 on
878 862 988 911 tenetur
1001 854 1146 912 confessa·
1243 850 1281 889 ··'

53 953 112 1011 rins
127 953 157 1010 in
171 969 203 1008 se
218 951 246 1009 id
260 951 356 1010 oneris
376 951 539 1028 suscipere3
563 950 615 1009 sed
634 968 688 1007 suo
712 951 822 1008 muneri
842 952 987 1018 satisfacit,
1002 953 1149 1012 monendo
1231 944 1236 951 ⁸

53 1052 240 1130 poenitentem
265 1060 296 1109 ut
320 1060 482 1127 opportuno
503 1059 630 1127 tempore
654 1067 734 1108 reum
755 1050 808 1107 rite
829 1043 1011 1111 denuntietz²
1044 1054 1148 1128 poterit

55 1163 161 1218 tamen,
176 1149 203 1207 si
224 1150 368 1208 censuerit
386 1150 523 1235 expedire
536 1169 544 1219 ;
565 1149 617 1208 sed
637 1159 780 1225 oporteret
793 1161 874 1208 extra
887 1148 1007 1209 tribunal
1020 1153 1062 1210 rei
1076 1152 1149 1209 noti·

56 1251 123 1309 tiam
138 1248 282 1326 excipere.
324 1248 520 1317 Denuntiatio,
544 1251 593 1308 ubi
612 1248 724 1316 desunt,
748 1259 832 1322 prout
853 1249 929 1328 apud
949 1270 1013 1318 nos,
1027 1250 1148 1323 inquisi-

57 1361 142 1416 tores,
166 1349 310 1427 episcopis
332 1349 461 1409 facienda
481 1359 534 1417 est,
555 1359 584 1407 et
605 1347 722 1422 quidem
736 1347 793 1406 loci
807 1350 837 1406 iu
850 1369 907 1422 quo
920 1360 1046 1408 versatur
1059 1350 1149 1426 poeni·

57 1460 129 1517 tens,
144 1449 235 1524 ipsius
256 1449 333 1508 enim
354 1459 398 1506 est
419 1450 551 1526 excipere
568 1450 690 1527 juratam
711 1445 962 1518 denuntiationem,
977 1468 1097 1523 eamque
1111 1447 1147 1507 ad

56 1550 227 1626 episcopum
240 1550 292 1618 rei,
307 1549 333 1607 si
347 1548 419 1608 forte
433 1548 563 1606 diversus
577 1549 623 1616 sit,
640 1548 838 1605 transmittere.

94 1651 165 1707 246.
187 1648 220 1705 Si
233 1658 345 1707 constet
358 1649 564 1707 confessarium
578 1646 758 1705 emendatum
771 1664 845 1717 esse,
861 1648 1048 1707 nihilominus
1058 1649 1145 1725 juxta

57 1747 225 1805 sententiam
240 1747 470 1823 probabiliorem,
485 1738 614 1805 facienda
627 1756 670 1804 est
684 1745 870 1816 denuntiatio,
886 1766 948 1821 quae
963 1747 999 1806 ad
1011 1747 1149 1806 cautelam

58 1847 247 1924 praescribitur
272 1848 441 1916 universim,
467 1846 565 1905 relicto
591 1847 706 1904 arbitrio
735 1845 826 1921 judici
858 1865 956 1923 poenas
982 1841 1151 1924 irrogandi.³

59 1946 202 2005 Oaeterurn
216 1957 283 2005 sunt
296 1949 346 2021 qui
367 1946 464 2006 dicunt
483 1964 595 2005 cessare
617 1944 800 2004 denuntiandi
820 1946 1032 2023 obligationem,
1055 1964 1151 2004 emen·

58 2045 123 2104 dato
145 2064 204 2113 reo,
226 2047 293 2119 quia
312 2047 416 2105 desinit
434 2047 499 2104 finis
514 2046 678 2122 principalis
698 2045 787 2120 legis:
815 2045 867 2104 sed
894 2045 929 2104 de
951 2046 1151 2104 emendatione

59 2145 141 2203 debet
153 2146 273 2204 omnino
285 2157 425 2205 constare.
468 2146 643 2205 Diuturnum
658 2143 734 2217 quod
748 2143 859 2203 effluxit
871 2146 1008 2222 temporis
1021 2147 1146 2223 spatium

58 2245 275 2303 asolicitatione
289 2265 346 2304 non
366 2246 452 2304 solvit
471 2246 654 2322 poenitentem
675 2263 763 2303 onere
783 2244 977 2314 denuntiandi,
995 2247 1079 2324 juxta
1098 2244 1147 2302 de·

57 2354 164 2402 eretum
179 2344 327 2403 Benedicti
337 2340 437 2405 xlv!
449 2344 500 2402 sed
514 2363 602 2416 quum
618 2345 767 2422 “longum
782 2344 916 2423 tempus”
931 2345 1036 2423 injure
1047 2344 1150 2407 nutti-

58 2455 141 2521 gatur
153 2442 334 2513 decennium,
345 2446 394 2503 vix
408 2464 443 2503 eo
456 2444 553 2520 elapso
564 2444 675 2503 videtur
688 2444 872 2505 denuntiandi
879 2444 1013 2520 obligatio
1024 2460 1149 2503 manere.

59 2544 91 2601 Si
106 2561 122 2600 e
136 2544 209 2601 vivis
230 2542 393 2603 discesserit
412 2563 487 2611 reus,
508 2544 605 2617 utique
618 2543 703 2602 desiit
725 2544 820 2602 omnis
843 2542 1064 2601 denuntiationis
1078 2543 1150 2601 obli·

60 2636 163 2720 gatio.⁵

95 2745 156 2801 247
178 2742 274 2800 Poenae
297 2743 494 2810 severissimae,
519 2741 726 2800 ordinariorum
750 2740 875 2808 arbitrio,
897 2741 1056 2816 irrogantur
1081 2741 1149 2808 reis,

58 2841 107 2915 qui
121 2852 150 2898 et
163 2842 309 2899 incurrunt
322 2852 486 2918 perpetuam
500 2841 754 2899 inhabilitationem
769 2840 803 2898 ad
818 2839 949 2897 sacrificii
964 2839 1063 2896 Missae
1078 2839 1150 2896 cele·

57 2942 227 3007 mationem,
249 2959 285 2998 ex
308 2940 455 2999 Benedicti
476 2941 561 2999 XIV.
583 2942 744 2998 auctoritate
765 2958 821 3010 qua
841 2937 984 2995 decretum
1005 2937 1038 2994 S.
1054 2936 1149 3014 Cong.

58 3040 170 3114 lnquis.
187 3043 215 3098 5.
231 3041 352 3116 Augusti
368 3043 457 3099 1745.
472 3040 669 3098 confirmatum
684 3052 737 3097 est.
759 3038 806 3096 Fit
814 3038 932 3095 facultas
948 3036 1151 3113 “procedendi

58 3159 124 3198 cum
138 3140 257 3198 testibus
271 3140 356 3198 etlam
375 3139 574 3216 singularibus,
595 3137 752 3198 dummodo
773 3137 1020 3214 praesumptiones,
1035 3135 1150 3205 indicia,

59 3250 86 3296 et
107 3238 163 3296 alia
184 3239 355 3297 adminicula
377 3231 593 3297 concurrant.'’⁶
634 3236 777 3296 Caeterum
799 3255 884 3295 uerno
906 3235 1083 3294 damnandus
1109 3249 1153 3293 est

59 3338 236 3414 gravissimis
250 3337 306 3395 illis
320 3339 412 3414 poenis
433 3339 469 3395 ob
490 3338 573 3395 unius
596 3336 858 3396 denuntiationem:
881 3355 934 3394 nee
954 3336 1018 3409 quis
1042 3345 1153 3394 tenetur

58 3456 106 3496 eas
120 3439 151 3495 in
165 3454 199 3494 se
220 3437 376 3513 suscipere,
397 3456 464 3494 cum
477 3437 559 3494 lamae
574 3436 754 3505 detrimento,
769 3437 910 3510 quamvis,
926 3437 950 3494 si
964 3436 1058 3513 possit
1072 3436 1152 3493 brevi

59 3537 268 3596 absolutionem
283 3546 312 3594 et
332 3536 573 3613 dispensationem
596 3538 734 3605 obtinere,
755 3535 871 3594 deberet
890 3534 1053 3608 aliquandiu
1068 3535 1152 3593 absti-

57 3656 124 3696 nere
138 3657 155 3694 a
169 3637 258 3695 missa
271 3635 448 3703 celebranda,
464 3633 577 3707 quando
590 3636 679 3712 possit
694 3636 769 3694 lama
782 3628 905 3693 illaesa.⁷

97 3741 169 3794 246.
194 3735 421 3795 Constitutiones
435 3734 594 3794 Pontificiae
608 3734 643 3792 de
665 3735 769 3792 haere
794 3734 852 3790 “in
874 3733 1000 3807 singulas
1022 3731 1151 3787 nationes

58 3837 218 3895 universim
240 3836 313 3894 vires
335 3854 401 3893 suas
424 3825 631 3902 ιιιιῐειι(1ιιιιι,”8
653 3843 681 3891 et
700 3831 776 3909 apud
794 3851 847 3889 nos
867 3839 988 3905 receptae
1008 3827 1150 3886 videntur.

95 4005 138 4069 (1)
159 4002 186 4054 S.
198 4001 273 4067 Alph.
285 4002 301 4051 l.
312 4002 345 4052 vi.
356 4018 381 4051 n.
395 4003 452 4050 699.
658 4001 701 4065 (2)
720 3997 820 4047 lbidem.

96 4091 139 4156 (3)
159 4088 260 4148 Ibidem,
272 4103 297 4136 ιι.
308 4088 366 4136 686.
654 4086 696 4150 (4)
716 4083 790 4131 Bulla
802 4081 1002 4131 &metuentem

98 4174 141 4238 (6)
162 4172 189 4220 S.
202 4171 277 4237 Alph.
286 4172 302 4221 l.
314 4171 346 4220 vi.
357 4187 383 4220 n.
396 4174 454 4220 692.

98 4259 142 4323 (6)
163 4256 250 4307 const.
262 4255 387 4307 benedict.
398 4256 468 4306 XlV.
481 4255 672 4307 Sacramentum
682 4249 846 4319 penitentiae.

96 4345 140 4410 (7)
161 4342 188 4393 S.
200 4341 275 4405 Alph.
287 4342 346 4390 lvi.
358 4358 383 4391 n.
395 4344 452 4391 706.
667 4340 709 4406 (6)
729 4336 815 4386 Const.
827 4334 886 4387 Etsi
895 4331 1036 4400 pastoralis.
