2640 4860
460 106 517 168 DE
539 105 847 169 OON'I'RI'I'IONE.
1142 117 1199 174 lae

116 273 253 336 firmatam
272 273 435 333 necessario
454 272 588 333 exhibet:
606 293 691 333 nemo
711 276 796 352 igitur
815 285 913 354 posset
932 275 1074 337 infamum
1094 278 1199 358 eligere

117 375 218 448 absque
232 384 362 452 peccato.
402 372 567 447 Aliquando
580 373 761 432 vehementia
773 374 879 434 doloris
900 375 1026 435 animum
1039 376 1120 436 valde
1134 397 1201 438 con·

115 475 209 534 tritum
236 473 358 533 indicat:
385 472 468 530 sicuti
490 473 608 549 contigit
627 474 768 531 meretrici
788 474 897 532 scelera
915 474 951 532 ad
970 475 1059 550 pedes
1080 476 1201 537 Domini

114 572 241 632 deflenti.
284 573 359 650 Spes
379 571 470 629 veniae
483 590 548 630 cnm
568 573 735 631 contritione
750 571 928 650 conjugeuda
941 581 986 630 est
996 569 1019 640 3¹
1032 573 1113 635 dolor
1125 579 1209 636 enim.

113 673 161 745 qui
175 690 229 749 spe
243 680 330 739 caret,
344 671 432 729 instar
444 679 488 728 est
501 671 602 729 animae
612 662 753 731 cuditur
768 690 825 745 quo
839 680 1002 743 torquentur
1015 671 1150 734 damnati.

148 775 201 829 20.
225 770 266 830 Ut
286 778 492 830 sacramentum
514 768 883 847 poenitembtmwipiatur,
898 770 1040 839 contritio,
1064 783 1201 846 quatenus

112 871 273 946 generatim
286 869 460 945 intelligitur,
469 868 630 926 necessaria
642 877 697 938 est,
709 868 782 927 adeo
796 879 825 927 ut
838 877 960 942 nequeat
971 870 1089 946 suscipi,
1103 873 1128 930 si
1142 873 1204 932 haec

111 967 197 1037 desit,
217 969 286 1027 licet
305 969 369 1041 quis
388 976 469 1044 putet
487 985 518 1025 se
538 985 605 1025 vere
625 968 720 1025 animo
741 986 806 1026 esse
826 969 986 1026 contritum.
1040 969 1098 1035 Qui
1117 971 1203 1048 igitur

110 1067 258 1144 inculpate
284 1065 402 1133 accedit,
429 1065 527 1125 dolore
552 1067 714 1124 necessario
740 1085 850 1134 carens,
877 1087 894 1125 a
919 1066 1062 1144 sacrilegii
1087 1067 1202 1142 quidem

112 1167 235 1226 crimine
248 1173 410 1234 excusatur,
425 1164 476 1222 sed
490 1164 600 1224 nullum
614 1166 735 1242 suscipit
747 1174 964 1224 sacramentum.

150 1269 202 1323 21.
225 1265 330 1324 Utrum
343 1264 410 1323 fidei
422 1273 451 1321 et
464 1264 527 1346 spei
541 1272 619 1321 actus
637 1282 695 1323 una
716 1283 782 1323 cum
801 1266 982 1335 contritione,
996 1265 1130 1326 eliciendi
1143 1268 1204 1327 sint

114 1362 290 1432 necessarii,
304 1362 372 1422 dum
385 1363 449 1437 quis
463 1361 498 1420 ad
511 1363 682 1439 poeniteutiae
693 1371 898 1422 sacramentnm
912 1383 944 1422 se
957 1365 1094 1442 disponit,
1109 1366 1205 1444 dispu-

114 1472 199 1522 tatur.
242 1463 312 1522 Non
325 1463 407 1520 facile
420 1461 576 1521 ostenditur
589 1463 707 1539 speciali
728 1463 824 1536 aliqua
836 1462 898 1539 lege
912 1481 1053 1538 quemque
1067 1467 1156 1525 teneri
1169 1465 1205 1525 ad

116 1580 166 1622 eos
180 1580 213 1621 ea
228 1561 377 1620 occasione
391 1561 565 1620 eheiendos:
586 1561 637 1619 sed
651 1571 761 1638 oportet
780 1571 811 1620 ut
829 1579 867 1619 ex
886 1561 943 1620 fide
957 1572 985 1621 et
997 1581 1049 1639 spe
1061 1576 1208 1624 moveatur

116 1660 150 1719 ad
162 1662 277 1720 veniam
289 1662 319 1720 in
333 1671 509 1720 sacramento
523 1660 700 1734 quaerendam
711 1681 718 1717 :
740 1680 793 1719 nec
814 1661 890 1719 enim
905 1679 943 1718 ex
955 1671 1034 1719 motu
1047 1664 1166 1722 naturali
1179 1672 1208 1720 et

118 1760 247 1819 humano
268 1759 397 1819 salutaris
417 1761 546 1820 contritio
567 1759 664 1818 haberi
684 1770 788 1837 potest.
831 1760 987 1833 Utriusque
1005 1760 1116 1819 virtutis
1130 1771 1208 1820 actus

117 1861 184 1937 ipso
197 1859 374 1919 contritionis
388 1879 474 1918 sensu
488 1859 628 1918 contineri
648 1859 747 1933 liquet,
767 1859 832 1918 ideo
845 1859 921 1917 enim
936 1877 1078 1933 quemque
1090 1861 1209 1936 poenitet

118 1958 299 2028 delictorum,
327 1959 404 2031 quod
416 1958 512 2017 Deum
526 1958 667 2017 vindicem
682 1968 824 2036 agnoscat,
846 1977 969 2032 eumque
983 1960 1132 2036 ptenitenti
1145 1978 1209 2038 pro·

118 2058 220 2134 pitium
234 2058 294 2117 fore
308 2067 412 2135 speret.
454 2058 544 2134 Igitur
556 2058 695 2135 optimum
709 2068 753 2116 est
764 2058 831 2117 fidei
844 2059 963 2135 speique
977 2069 1055 2117 actus
1066 2042 1208 2136 speciales

119 2157 232 2225 elicere,
256 2157 324 2215 dum
347 2157 411 2230 quis
439 2158 614 2216 contritionis
634 2167 743 2217 motum
763 2159 888 2215 excitare
908 2157 1012 2226 studet,
1036 2157 1087 2215 sed
1112 2160 1209 2217 animo

120 2275 209 2316 nemo
221 2265 266 2314 est
278 2254 425 2333 augendus
439 2255 474 2314 de
488 2257 524 2314 iis
537 2256 613 2315 haud
626 2257 788 2332 specialiter
800 2255 913 2314 elicitis.

154 2361 206 2414 22.
230 2354 335 2414 Gravis
347 2340 403 2414 'diu
424 2354 477 2413 suit
496 2356 568 2413 inter
588 2355 738 2431 theologos
752 2354 954 2422 controversia,
975 2362 1070 2413 utrum
1091 2356 1205 2423 attritio,

121 2453 202 2514 dolor
215 2453 325 2513 scilicet
337 2472 374 2513 ex
387 2454 488 2513 timore
501 2473 650 2531 poenarum
664 2462 830 2529 conceptus,
845 2450 986 2510 sufficeret
999 2450 1034 2508 ad
1054 2453 1167 2512 veniam
1180 2455 1211 2512 in
1228 2476 1231 2484 ·

122 2561 300 2613 sacramento
320 2551 538 2627 assequendam.
578 2553 693 2612 Peccati
722 2552 937 2610 detestationem
965 2551 1083 2610 omnino
1104 2554 1211 2626 requiri

121 2653 192 2730 apud
207 2653 341 2712 omnibus
361 2671 407 2711 res
427 2660 470 2710 est
489 2653 651 2730 explorata3
665 2670 750 2710 nemo
764 2652 841 2709 enim
856 2650 945 2708 veniae
959 2648 1079 2708 idoneus
1093 2660 1146 2719 est,
1161 2653 1212 2724 qui

123 2754 218 2812 animo
231 2753 358 2811 adhaeret
369 2759 496 2830 peccato,
508 2751 634 2824 illudque
648 2750 733 2808 vellet
746 2760 856 2827 patrare
866 2749 922 2808 nisi
933 2767 1026 2825 poenae
1036 2768 1103 2808 eum
1116 2768 1212 2809 mane·

122 2863 199 2912 rent:
222 2852 274 2910 sed
287 2852 351 2910 fieri
369 2860 464 2929 potest
484 2860 516 2908 ut
535 2851 669 2909 affectum
690 2849 828 2926 peccandi
848 2848 980 2925 deponat,
1001 2867 1040 2907 ex
1061 2848 1125 2926 ipso
1145 2867 1213 2928 sup·

123 2951 272 3027 pliciorum
285 2959 374 3020 metu,
388 2959 418 3008 et
429 2957 486 3009 toto
501 2950 596 3009 animo
611 2971 626 3007 a
640 2958 758 3025 peccato
772 2949 929 3016 abhorreat,
943 2946 1020 3022 quod
1029 2948 1111 3007 Deus
1120 2948 1214 3026 judex

120 3051 213 3127 justus
228 3050 301 3108 adeo
315 3048 468 3108 detestatur
480 3058 508 3107 et
520 3050 612 3125 punit.
641 3048 775 3121 Plerique
790 3047 918 3126 theologi
931 3057 1027 3107 tenent
1040 3050 1212 3109 attritionem

124 3150 255 3209 sufficere
276 3157 308 3208 ut
330 3150 393 3222 quis
415 3150 445 3207 in
465 3157 642 3207 sacramento
656 3148 769 3207 veniam
783 3149 932 3226 impetret:
953 3167 1019 3207 nam
1033 3149 1134 3208 affe'ctu
1148 3168 1214 3226 pec·

125 3249 207 3308 candi
220 3248 363 3325 deposito,
377 3248 452 3307 obex
466 3247 581 3315 tollitur,
596 3248 668 3306 adeo
688 3256 720 3304 ut
738 3248 908 3306 sacramenti
927 3249 1016 3324 gratia
1033 3267 1117 3309 suum
1130 3249 1214 3307 effec-
1265 3284 1272 3291 --

124 3357 180 3407 tum
196 3348 336 3421 consequi
349 3348 450 3424 possit.
492 3345 526 3405 Id
549 3365 586 3404 ex
606 3346 734 3405 doctrina
757 3347 926 3405 Tridentina
940 3348 1084 3420 sequitur:
1107 3345 1214 3404 “illam

124 3446 187 3506 verb
202 3447 404 3506 contritionem
418 3446 622 3522 imperfectam,
645 3465 707 3520 quae
721 3447 823 3504 attritio
836 3445 948 3512 dicitur,
969 3446 1105 3517 quoniam
1117 3442 1165 3500 vel
1176 3461 1214 3501 ex

126 3547 307 3624 turpitudinis
334 3545 442 3623 peccati
462 3544 699 3612 consideratione,
723 3545 769 3602 vel
795 3563 832 3602 ex
852 3544 991 3621 gehennae
1012 3550 1040 3599 et
1065 3557 1214 3617 poeuarum

126 3656 201 3705 metu
215 3646 408 3705 communiter
420 3645 588 3721 concipitur,
610 3646 636 3702 si
648 3645 822 3702 voluntatem
836 3638 971 3718 peccandi
984 3637 1125 3706 excludat,
1147 3657 1213 3697 cum

125 3762 175 3821 spe
189 3746 298 3808 veniaer
320 3743 444 3803 declarat
464 3741 752 3824 (sanctasynodus)
767 3760 824 3799 non
838 3739 931 3797 solum
945 3737 1108 3797 nonfacere
1122 3736 1214 3797 homi·

126 3861 191 3903 uem
204 3843 396 3922 hypocritam,
420 3844 465 3902 vel
485 3844 578 3920 magis
601 3851 789 3919 peccatorem,
810 3857 909 3896 verum
931 3837 1016 3897 etiam
1034 3835 1142 3896 donum
1155 3837 1213 3896 Dei

439 4066 481 4132 (l)
500 4064 577 4116 Cone.
589 4063 656 4116 Trid.
668 4063 732 4113 Sess.
744 4061 793 4112 xiv.
804 4075 856 4128 cap.
867 4060 899 4111 iv.
