2640 4860
254 391 311 451 DE
332 390 651 451 IMPEDIMENTIS
672 384 946 452 MATRIMONII.
1085 397 1143 452 343

45 558 100 616 ubi
113 557 149 615 de
163 558 227 634 ipso
240 559 383 632 quaeritur,
404 560 488 635 plena
507 560 592 617 debet
610 558 758 616 securitate
779 557 825 615 ille
844 557 977 634 gaudere,
997 559 1079 636 eujus
1099 568 1142 617 est

53 658 167 715 animus
181 658 371 734 indagandus,
392 676 428 716 ne
452 678 502 734 per
522 659 650 716 timorem
664 656 739 714 dicat
751 657 805 715 sibi
819 656 928 732 placere
943 657 1020 730 quod
1034 658 1103 726 odit,
1117 668 1145 716 et

53 763 189 828 sequatur
202 757 296 815 exitus
320 759 370 831 qui
393 758 428 815 de
441 759 538 815 inritis
552 757 625 813 solet
637 755 745 831 nuptiis
759 757 910 831 provenire
920 751 966 811 :”¹
989 756 1145 831 etquidem

54 854 231 927 aequissime,
247 875 334 927 quum
349 865 487 932 perpetuo
500 854 614 914 vinculo
627 854 709 930 ligari
722 873 780 912 nou
793 862 932 930 oporteat,
947 855 996 926 qui
1011 873 1070 912 suae
1084 856 1143 915 vol·

51 953 158 1011 untatis
172 955 285 1013 arbitrio
298 955 386 1012 libere
400 955 440 1012 uti
454 954 620 1027 nequiverit.
643 954 733 1030 Igitur
745 948 844 1009 mortis
859 952 905 1009 vel
915 953 1054 1010 cruciatus
1069 956 1143 1029 peri·

53 1052 161 1119 culum,
189 1072 301 1111 carcere
328 1053 463 1120 detentio,
495 1051 624 1119 exilium,
652 1060 740 1108 status
772 1052 899 1118 amissio,
927 1050 972 1107 vel
1003 1051 1143 1111 bonorum

53 1153 196 1219 omnium,
220 1153 357 1229 probrum
377 1152 524 1228 publicum
545 1169 611 1208 cum
633 1150 714 1207 famae
731 1151 851 1226 jactura,
873 1159 1012 1225 stuprum,
1034 1151 1145 1224 aliaque

54 1250 153 1325 gravia
179 1251 253 1308 mala
273 1253 407 1308 intentata
427 1250 528 1308 tollunt
553 1249 720 1306 libertatem.
763 1247 802 1304 Vi
828 1244 1034 1324 aequiparantur
1059 1251 1145 1307 minae

56 1351 281 1421 vexationesque
302 1368 364 1422 quae
385 1368 499 1426 gravem
520 1347 660 1406 incutiunt
680 1347 820 1414 timorem,
842 1365 893 1404 seu
918 1346 1073 1422 plerisque,
1094 1368 1145 1407 seu

56 1447 235 1505 contrahenti
247 1468 254 1504 :
269 1449 327 1506 imo
338 1457 365 1506 et
378 1466 477 1525 preces
492 1449 662 1524 importunae
676 1447 710 1503 ab
724 1465 758 1503 eo
772 1443 909 1521 porreetae
920 1446 969 1518 qui
983 1448 1145 1505 auctoritate

57 1546 155 1620 pollet,
171 1565 383 1619 nonnumquam
404 1547 507 1604 tollunt
521 1565 583 1603 eam
598 1564 660 1616 quae
675 1545 808 1621 conjugio
823 1545 983 1603 necessaria
996 1553 1040 1602 est
1059 1548 1146 1608 animi

56 1643 231 1702 libertatem:
255 1645 367 1718 quaudo
389 1646 498 1703 seilicet
518 1664 582 1701 cnm
603 1644 817 1722 indignationis,
840 1643 988 1720 ejectionis
1012 1662 1027 1700 e
1048 1644 1145 1714 domn,

57 1743 306 1812 exhaeredationis,
328 1744 374 1802 vel
394 1745 507 1802 alterius
523 1745 616 1821 gravis
631 1736 727 1802 damni
742 1742 868 1817 periculo
882 1743 1039 1819 conjunctae
1053 1740 1147 1801 sunt²

10 1829 12 1837 ’
58 1843 192 1900 Attamen
208 1862 295 1915 quum
317 1853 336 1880 “
348 1844 420 1900 inter
440 1845 497 1901 vim
522 1851 551 1898 et
570 1844 628 1899 vim
649 1843 685 1899 sit
698 1840 888 1908 differentia,”
903 1859 960 1899 non
974 1842 1067 1898 statim
1083 1862 1146 1918 pro·

58 1941 246 2000 nuntiandum
260 1951 303 1999 est
316 1943 481 2019 conjugium
497 1943 606 1999 irritum
622 1940 698 2012 quod
712 1939 840 2011 quaedam
856 1941 898 1996 vis
913 1940 998 1996 suerit
1011 1940 1145 2008 adhibita,

57 2038 108 2096 sed
121 2041 217 2112 qualis
231 2041 316 2099 fuerit
330 2043 359 2099 in
372 2059 413 2108 se,
436 2052 464 2099 et
477 2041 571 2114 quoad
587 2041 644 2097 vim
659 2057 785 2116 passum,
800 2038 1036 2097 considerandum
1051 2049 1104 2106 est,
1119 2051 1147 2096 et

58 2147 152 2196 utrum
166 2158 323 2198 cousensus
336 2140 424 2198 libere
439 2140 574 2216 deinceps
589 2129 804 2196 intercesserit.³
843 2137 861 2194 J
864 2145 925 2194 uste
939 2138 1016 2195 iliata
1030 2139 1073 2195 vis
1089 2157 1145 2196 non

59 2237 151 2294 obstat
165 2240 334 2297 matrimonii
349 2240 447 2305 valeri,
458 2259 523 2296 narn
538 2257 658 2297 censura
672 2237 863 2294 ecclesiastica
874 2236 1024 2307 aliquando
1038 2239 1148 2314 cogitur

58 2353 183 2410 sponsus
204 2337 237 2393 nd
262 2338 481 2415 promissionem
503 2338 688 2414 implendam,
710 2335 840 2393 ducendo
862 2330 1014 2411 puellam.⁴
1054 2337 1104 2393 Sic
1118 2346 1147 2393 et

54 2434 162 2508 judicis
189 2436 280 2493 civilis
310 2438 448 2494 sententia
474 2437 579 2494 carceri
607 2435 794 2510 mancipatur,
822 2435 871 2505 qui
898 2453 949 2509 spe
977 2435 1148 2494 matrimonii

57 2532 184 2606 puellam
212 2535 327 2603 vitiavit,
356 2535 469 2593 nonnisi
497 2544 642 2593 contracto
664 2533 846 2590 matrimonio
870 2530 1043 2600 liberandus,
1072 2532 1147 2604 quod

58 2640 153 2690 tamen
176 2643 349 2692 contractum
371 2635 442 2691 intra
462 2652 605 2692 carcerem
631 2631 714 2689 vaiet.
758 2630 807 2686 Sic
828 2648 920 2686 canon
936 2629 1019 2705 jubet
1038 2639 1148 2706 stupra-

59 2738 150 2788 torem
170 2731 272 2790 ducere
292 2742 455 2808 stupratam,
483 2743 650 2809 perpetuum
672 2748 813 2787 carcerem
835 2729 962 2786 renuenti
987 2727 1148 2786 minitans.⁵

58 2828 184 2887 Proinde
199 2832 272 2888 valet
293 2832 503 2889 matrimonium
518 2839 692 2890 contractum
707 2848 742 2886 ex
758 2838 882 2885 metune
897 2835 976 2902 pater
989 2828 1034 2885 vel
1049 2827 1147 2885 fratres

58 2927 160 3002 puellae
180 2929 252 3004 juris
274 2931 402 2988 ordinem
423 2932 513 2988 secuti
534 2947 632 3007 poenas
648 2927 687 2985 illi
702 2935 854 2984 arcessant.
896 2925 980 2990 Quod
994 2927 1018 2984 si
1033 2929 1096 2998 quis
1111 2946 1148 2984 ex

57 3035 133 3084 metu
150 3030 248 3086 mortis
263 3010 279 3086 a
293 3030 461 3106 propinquis
476 3029 672 3108 invindictam
687 3025 840 3083 inserendae
854 3025 979 3100 puellam
994 3045 1010 3081 a
1023 3045 1054 3082 se
1069 3027 1147 3083 vitia·

58 3133 114 3182 tam
140 3126 261 3195 duxerit,
283 3128 361 3186 nulla
387 3129 414 3185 vi
445 3129 499 3186 sibi
524 3129 667 3193 intentata,
689 3126 830 3196 nullisque
852 3124 937 3181 minis
959 3124 1049 3191 factis,
1075 3125 1148 3182 valet

58 3225 290 3284 matrimonium:
312 3245 395 3285 secus
409 3227 434 3283 si
448 3229 532 3284 minae
548 3226 646 3285 mortis
660 3224 743 3281 illatae
757 3223 798 3281 illi
813 3222 917 3281 tuerint
930 3222 965 3280 ad
979 3232 1147 3296 extorquen-

58 3322 127 3379 dum
142 3343 325 3384 consensum.
367 3327 400 3383 Si
423 3327 493 3402 patri
514 3336 634 3384 mortem
655 3323 765 3381 illaturo
787 3323 822 3380 ob
845 3323 932 3380 filiam
954 3323 1077 3380 vitiatam
1092 3334 1148 3380 stu·

57 3430 153 3497 prator
166 3423 266 3481 offerat
288 3443 350 3482 eam
366 3425 479 3491 ducere,
501 3427 596 3483 valent
615 3424 720 3499 nuptiae
730 3415 754 3480 :⁶
774 3441 832 3479 uon
845 3423 883 3479 ita
896 3422 920 3478 si
934 3431 1013 3498 pater
1026 3423 1149 3481 minetur

57 3529 189 3590 mortem,
205 3523 260 3580 uisi
274 3525 339 3582 eam
352 3523 444 3582 ducat.
487 3524 550 3581 Nec
571 3525 656 3581 refert
676 3532 769 3592 utrum
791 3523 835 3580 vis
856 3521 990 3580 inseratur
1004 3541 1019 3578 a
1033 3523 1149 3597 propiu-

58 3620 132 3690 quis,
158 3620 203 3678 vel
227 3623 261 3679 ab
285 3624 395 3681 alieno:
418 3621 656 3696 quandocumque
677 3622 753 3677 enim
777 3622 895 3678 infertur
921 3620 955 3676 ad
979 3629 1148 3689 extorquen-

57 3717 125 3777 dum
155 3739 329 3780 eonsensum
360 3723 389 3780 in
418 3723 640 3786 matrimonium,
662 3719 755 3776 obstat
782 3720 844 3795 ejus
872 3717 969 3774 valeri.
1025 3717 1081 3782 Qui
1112 3735 1148 3777 ex
