2640 4860
116 363 176 416 212
465 350 522 409 DE
543 349 855 412 ABSOLUTIONE.

118 521 217 579 “Non
243 527 287 576 est
308 517 475 594 obligandus
504 517 721 576 concubinarius
750 515 785 574 ad
810 517 980 596 ejiciendam
1005 519 1196 587 concubinam,

115 621 142 678 si
163 618 225 677 haec
247 618 332 675 nimis
352 617 430 675 utilis
457 626 534 674 esset
559 615 594 674 ad
620 615 856 675 delectamentum
883 617 1090 701 concubinarii,
1119 617 1197 695 vulgi

114 718 228 795 regalo:
249 715 318 775 dum
354 715 505 774 deficiente
525 715 583 782 illa,
603 717 690 774 nimis
717 734 791 792 aegre
825 724 919 793 ageret
942 716 1050 783 vitam:
1083 727 1113 774 et
1144 717 1200 776 alic

115 816 206 893 epulae
220 814 304 874 tedio
317 834 421 892 magno
435 814 668 873 concubinarium
688 814 843 882 afficerent,
865 823 894 872 et
915 815 970 873 alia
991 814 1103 874 famula
1122 816 1201 874 nimis

116 914 232 974 difficile
253 914 458 973 inveniretur.”
501 912 624 972 Gravior
643 923 687 971 est
711 914 858 972 excusatio
877 912 992 986 quando
1019 914 1086 987 quis
1110 915 1202 988 nequit

115 1014 221 1086 absque
242 1014 359 1071 insamia
378 1012 518 1071 dimittere
539 1012 689 1071 ancillam:
720 1011 772 1070 sed
791 1013 934 1088 imprimis
954 1011 1199 1081 considerandum,

115 1123 211 1171 utrum
234 1113 309 1170 sama
330 1113 391 1188 jam
412 1112 521 1169 nonsit
541 1111 654 1179 amissa,
682 1111 728 1168 cui
749 1111 907 1170 medebitur
930 1110 1102 1170 offensionis
1122 1131 1204 1189 causa

114 1211 277 1270 auferenda.
320 1209 460 1268 “Revera
483 1209 576 1286 potius
596 1208 729 1268 scandalo
752 1210 838 1278 erit,”
860 1210 953 1282 inquit
973 1210 1005 1268 S.
1027 1210 1203 1287 Alpbonsus,

116 1319 136 1346 “
146 1311 171 1367 si
186 1319 251 1387 post
264 1308 474 1368 consessionem
494 1309 675 1367 occasionem
691 1327 749 1366 non
763 1310 883 1367 auferat:
906 1319 954 1366 aut
967 1311 1046 1367 enim
1061 1310 1110 1368 alii
1123 1328 1203 1368 suum

114 1420 261 1486 peccatum
275 1408 494 1483 aut‘periculum
508 1408 650 1483 ignorant,
675 1418 704 1465 et
724 1417 790 1467 tunc
803 1408 876 1465 nihil
888 1408 956 1466 mali
970 1408 1201 1483 suspicabuntur,

114 1518 183 1584 puta
195 1509 221 1566 si
235 1508 300 1580 quis
321 1506 458 1564 famulam
481 1506 607 1574 dimittit,
630 1507 674 1564 vel
689 1507 751 1583 jam
774 1507 822 1565 alii
844 1505 873 1564 id
894 1505 1163 1575 animadverterunt,
1177 1516 1203 1565 et

115 1618 182 1665 tunc
196 1607 301 1665 famam
316 1606 410 1680 potius
424 1606 612 1683 recuperabit,
626 1623 713 1677 quam
727 1599 882 1664 amittet.”¹
1095 1593 1098 1597 ’

157 1708 223 1762 188.
245 1703 395 1780 Contingit
403 1722 480 1780 saepe
493 1704 638 1762 hominem
653 1723 773 1780 peccare
786 1703 862 1762 haud
876 1723 913 1762 ex
927 1703 1030 1763 affectu
1042 1723 1113 1782 erga
1125 1705 1203 1762 muli·

114 1822 193 1862 erem
207 1803 341 1874 aliquam,
363 1802 413 1860 sed
433 1804 533 1861 insana
552 1804 702 1880 instigante
722 1802 850 1872 libidine,
871 1804 917 1860 cui
938 1821 1006 1861 cum
1026 1821 1202 1875 quacumque

113 1902 265 1980 gratificari
291 1900 402 1959 studet:
431 1902 557 1960 sicheri
583 1920 650 1978 erga
669 1902 811 1976 mancipia
835 1902 1004 1978 plemmque
1032 1899 1199 1959 afficiuntur.

114 2001 249 2060 dmoveri
265 2001 313 2058 vix
326 2009 420 2075 potest
431 2001 597 2077 hujusmodi
611 2001 734 2067 occasio,
756 2019 820 2058 cum
841 2002 915 2058 inter
932 2019 978 2057 res
992 2018 1060 2057 suas
1074 2018 1201 2062 recense·

114 2110 206 2167 antur,
228 2109 255 2156 et
274 2099 372 2156 uxoris
392 2100 573 2175 suspiciones
587 2099 771 2156 vehementes
793 2100 993 2166 excitarentur,
1009 2099 1035 2156 si
1050 2099 1144 2171 aliqua
1157 2099 1201 2156 alii

114 2197 276 2264 traderetur,
291 2197 345 2253 alia
359 2198 387 2253 in
401 2199 463 2273 ejus
477 2197 570 2254 locum
585 2197 714 2254 suffecta.
756 2197 796 2255 Iis
821 2199 849 2255 in
871 2216 965 2255 rerum
989 2195 1133 2275 adjunctis
1146 2215 1200 2256 non

114 2295 226 2354 videtur
248 2293 392 2370 cogendus
413 2295 448 2352 ad
471 2296 672 2353 removendam
695 2296 839 2363 ancillam,
862 2315 925 2369 quae
945 2296 994 2353 vix
1017 2295 1140 2355 dicenda
1161 2305 1201 2353 est

113 2394 226 2453 occasio
239 2392 387 2469 peccandi,
402 2394 531 2466 quamvis
551 2396 589 2452 sit
611 2394 757 2472 objectum
771 2395 889 2471 peccati,
911 2404 939 2451 et
958 2395 1056 2452 socia:
1078 2395 1129 2454 red
1141 2395 1201 2452 libi·

112 2493 172 2552 dini
192 2500 350 2569 opportuna
375 2493 533 2552 adhibenda
553 2503 619 2551 sunt
638 2493 771 2560 remedia,
796 2503 945 2567 antequam
968 2492 1005 2551 ad
1025 2503 1199 2553 sacramenta

112 2593 198 2651 herus
213 2592 382 2650 admittatur.

155 2696 221 2750 189.
244 2692 367 2750 Etiamsi
380 2691 625 2750 extraordinaria
646 2691 821 2749 contritionis
845 2690 949 2749 indicia
969 2690 1071 2750 dentur
1085 2713 1102 2749 a
1115 2693 1199 2769 poeni·

112 2801 198 2860 tente,
213 2793 262 2863 qui
275 2800 303 2847 et
316 2791 465 2867 pollicetur
478 2793 688 2866 quamprimum
709 2789 807 2848 tollere
829 2790 1023 2860 occasionem,
1045 2790 1201 2849 differenda

111 2900 155 2947 est
168 2891 260 2957 venia,
275 2890 330 2947 nisi
343 2900 441 2966 urgeat
454 2890 546 2966 gravis
558 2889 638 2946 valde
649 2890 721 2947 ratio
735 2898 765 2945 ut
778 2889 871 2947 statim
883 2890 1066 2949 concedatur.
1109 2891 1198 2962 Equi·

109 2988 175 3046 dem
188 3005 404 3059 nonnumquam
418 2990 559 3064 paenitens
579 2991 678 3060 nequit
697 2989 877 3046 occasionem
897 2990 992 3047 statim
1007 2989 1118 3057 tollere,
1140 2990 1199 3047 abs·

111 3106 167 3159 que
188 3087 357 3164 gravissimo
381 3088 464 3145 samae
478 3087 639 3164 dispendio,
663 3088 708 3145 vel
729 3087 833 3145 darnno
855 3086 910 3145 alio
930 3089 1028 3164 magni
1042 3088 1197 3146 momenti:

111 3186 156 3242 vel
171 3185 268 3257 nequit
281 3184 314 3240 ad
329 3187 534 3244 confessarium
553 3186 645 3244 redire
660 3195 725 3262 post
738 3186 857 3243 ablatam
872 3189 1074 3245 occasionem:
1096 3188 1126 3244 in
1139 3187 1199 3260 qui·

110 3284 162 3340 bus
177 3301 269 3341 rerum
285 3281 424 3360 adjunctis
439 3284 568 3341 voluntas
583 3304 634 3361 pro
649 3305 678 3342 re
695 3285 865 3360 acceptanda
879 3285 940 3351 crit,
961 3296 989 3343 ct
1002 3272 1088 3344 venia
1101 3304 1199 3343 conce·

110 3379 210 3438 denda.
253 3379 337 3445 Quod
364 3382 389 3439 si
422 3383 521 3451 semel,
556 3383 677 3442 alterave
701 3385 762 3442 vice
785 3383 864 3441 fallat
887 3383 985 3452 fidem,
1013 3386 1148 3443 nouerit
1173 3385 1198 3441 ei

110 3478 255 3554 pollicenti
270 3477 452 3538 credendum.

94 3556 107 3577 '⁵
151 3580 218 3635 190.
240 3575 363 3634 Occasio
376 3577 544 3638 necessaria
558 3589 601 3636 est
614 3582 659 3638 vel
678 3580 815 3660 physice,
827 3580 872 3637 vel
882 3578 1049 3649 morulimr,
1063 3581 1105 3639 uti
1115 3600 1197 3658 supra

109 3675 244 3735 diximus·
286 3676 343 3742 Qui
356 3677 386 3734 in
409 3678 558 3735 occasione
573 3679 875 3755 physiceneoessaria
895 3689 1035 3748 versatur,
1050 3681 1196 3738 absolven-

110 3776 163 3836 dus
177 3785 230 3843 est,
245 3775 359 3848 quando
373 3777 408 3834 de
422 3779 590 3835 contritione
604 3788 631 3834 et
644 3780 791 3854 proposito
805 3787 924 3845 constat,
939 3797 1005 3836 nam
1016 3760 1194 3839 occasionem

109 3875 208 3934 tollere
222 3876 339 3934 omnino
359 3878 476 3948 nequit:
499 3886 631 3943 attamen,
647 3886 725 3934 extra
745 3877 845 3934 mortis
865 3875 1019 3935 discrimen
1040 3876 1195 3936 differenda

110 3985 153 4031 est
175 3973 327 4046 aliquando
342 3976 491 4043 absolutio,
506 3977 578 4033 utin
598 3975 731 4034 remediis
747 3974 915 4034 adhibendis
935 3977 986 4034 fiat
1006 3976 1153 4045 solicitior,
1167 3984 1195 4032 et

109 4071 144 4130 ad
161 4072 373 4132 Eucharistiam
395 4073 606 4151 suscipiendam
625 4093 737 4133 morum
759 4073 960 4132 emendatione
982 4085 1104 4153 paretur.
1144 4073 1192 4131 Sic

536 4294 577 4358 (l)
598 4291 627 4339 li.
636 4290 667 4338 vi.
679 4307 704 4338 n.
716 4293 771 4340 452.
