2640 4860
253 359 311 420 DE
333 355 631 418 SUSCEPTIONB
651 354 967 417 EUCHARISTIAE.
1117 358 1156 412 89

59 525 149 584 modo
163 538 284 603 peccata
295 525 417 584 venialia
429 542 489 582 non
502 541 540 580 ex
552 531 609 581 toto
620 522 780 599 impediunt
788 522 874 599 hujus
887 519 1056 578 sacramenti
1069 518 1155 577 effec-

59 636 132 691 tum,
147 623 244 683 sedin
258 634 348 701 parte.
390 623 509 682 Dictum
522 630 566 680 est
575 622 652 680 enim
667 621 744 694 quod
756 621 876 680 effectus
889 620 976 697 hujus
986 619 1154 676 sacramenti

59 741 119 781 non
141 724 238 782 solum
261 734 306 781 est
327 721 440 798 adeptio
460 721 611 779 habitualis
632 721 730 797 gratia
750 720 796 778 vel
816 719 976 778 charitatis:
1000 716 1156 775 sedetiam

60 821 193 894 quadam
205 822 325 880 actualis
338 820 454 878 resectio
468 819 621 894 spiritualis
637 818 807 877 dulcedinis.
849 818 920 885 Quae
935 815 1050 890 quidem
1063 816 1155 890 impe·

60 919 145 986 ditur,
160 922 186 978 si
207 921 311 993 aliquis
332 917 449 977 accedat
469 917 503 975 ad
524 918 579 975 hoc
601 930 819 982 sacramentum,
840 934 892 992 per
904 925 1020 992 peccata
1032 914 1156 972 venialia

60 1028 157 1076 mente
172 1018 341 1076 distractus:
363 1035 422 1075 non
444 1026 538 1074 autem
559 1016 665 1074 tollitur
684 1024 867 1092 augmentum
889 1013 1040 1072 habitualis
1060 1014 1156 1089 gratim

61 1117 106 1174 vel
120 1113 316 1176 charitatis.”l
357 1115 526 1173 Curandum
540 1124 584 1171 est
597 1115 715 1173 omniuo
736 1125 768 1172 ut
787 1131 868 1171 mens
889 1112 924 1170 ad
939 1110 1087 1170 Christum
1100 1109 1156 1167 fide

62 1216 127 1272 viva
150 1216 298 1281 evehatur,
318 1215 401 1286 eique
421 1213 513 1271 cultus
537 1223 682 1288 praestetur
702 1231 754 1288 pro
780 1230 892 1270 summa
911 1212 975 1288 ejus
998 1210 1154 1286 majestate,

62 1332 220 1387 precesque
235 1315 414 1391 porrigantur
426 1321 458 1369 ut
470 1313 565 1370 omnis
579 1312 673 1387 gratia
689 1311 800 1369 tollatur
813 1311 899 1369 obex.

348 1545 375 1619 §.
390 1543 445 1602 Ill.
489 1543 535 1601 Du
555 1561 697 1601 consonis
716 1561 878 1602 nouorum.

105 1720 154 1772 51.
177 1713 366 1772 Continentia
379 1715 408 1772 in
422 1714 591 1790 conjugibus
606 1712 790 1779 desideratur,
800 1715 884 1790 juxta
897 1716 980 1775 Pauli
993 1719 1155 1788 consilium,

63 1825 95 1870 ut
107 1813 245 1871 orationis
259 1831 346 1871 causa
359 1811 394 1869 ad
408 1822 519 1888 tempus
534 1812 719 1870 abstineanta
730 1811 934 1872 cousuetudine
948 1811 1073 1875 marita.2
1092 1819 1157 1876 Tri·

64 1911 154 1970 duum
168 1911 346 1970 abstinentiae
360 1911 483 1969 consulit
496 1909 698 1968 Catachismus
713 1910 879 1979 Romanus;
894 1912 944 1971 sed
956 1924 1038 1972 nocte
1052 1918 1159 1991 praevia

64 2011 166 2068 saltem
180 2011 322 2067 abstinere
335 2028 366 2067 se
381 2018 502 2086 oportet,
518 2010 575 2068 nisi
587 2009 666 2067 alteri
679 2010 787 2085 petenti
801 2029 864 2068 mos
876 2011 912 2068 sit
924 2010 1082 2088 gerendus:
1104 2033 1161 2086 qua

65 2111 96 2166 in
109 2127 141 2166 re
155 2127 261 2166 uxores
275 2109 394 2177 maritis,
409 2110 566 2185 presertim
581 2109 757 2189 acatholicis,
779 2110 968 2182 obsequentes
991 2111 1160 2171 solicitiores

66 2226 131 2265 esse
146 2225 205 2265 non
218 2206 308 2265 decet.
351 2208 422 2274 Qua
446 2207 622 2281 frequentius
643 2208 782 2265 accedunt
802 2208 836 2265 ad
857 2212 1089 2269 communionem
1103 2231 1161 2270 non

66 2305 173 2364 debent
196 2305 333 2364 voluntati
356 2308 521 2364 maritorum
541 2325 709 2383 repugnare,
734 2326 770 2365 ne
783 2309 911 2366 molestae
925 2310 1010 2369 nimis
1025 2311 1081 2369 illis
1095 2331 1160 2370 eva·

66 2405 152 2471 dant;
181 2404 234 2462 sed
254 2423 317 2476 quae
340 2403 412 2472 rard,
427 2407 457 2463 in
480 2406 634 2481 praecipuis
648 2405 845 2464 festivitatibus
860 2409 1006 2475 accedunt,
1027 2421 1161 2484 poterunt

69 2521 170 2579 preces
197 2502 342 2570 adhibere,
369 2503 420 2561 sed
440 2523 498 2562 non
518 2504 623 2562 debent
641 2505 821 2580 pertinaciter
841 2523 982 2563 recusare.
1023 2507 1091 2583 Ipse
1112 2510 1161 2581 qui

70 2603 142 2680 petit
153 2603 192 2661 ob
206 2602 296 2678 prolis
310 2600 493 2671 desiderium,
505 2623 561 2662 non
572 2602 718 2679 repellitur
731 2623 747 2660 a
759 2605 977 2661 communione:
994 2611 1014 2638 ‘⁶
1023 2604 1056 2660 Si
1064 2606 1160 2678 quis,’'

73 2702 167 2774 inquit
187 2701 220 2758 S.
237 2701 395 2779 Gregorius
416 2703 552 2780 Magnus,
575 2710 656 2760 “sua
675 2704 808 2780 conjuge,
833 2720 889 2759 uon
909 2700 1043 2778 cupidine
1064 2703 1163 2779 volup·

72 2801 135 2858 tatis
157 2809 269 2876 captus,
294 2799 344 2858 sed
365 2801 546 2860 solummodo
565 2801 719 2858 liberorum
739 2799 924 2859 creandorum
945 2802 1042 2876 gratia,
1057 2803 1160 2859 utitur:

73 2901 136 2975 ipsc
163 2898 293 2975 profeetd
321 2899 356 2956 de
382 2900 511 2975 ingressu
540 2900 690 2968 Ecclesiae,
725 2918 775 2957 seu
802 2898 838 2956 de
864 2898 1003 2957 sumendo
1036 2902 1164 2977 corporis

73 2997 224 3055 Dominici
245 2998 449 3074 sanguinisque
470 2999 617 3074 mysterio,
640 3016 692 3055 suo
720 3007 763 3054 est
784 2997 986 3069 relinquendus
1005 2993 1165 3077 judicio.''³

73 3094 169 3171 Culpa
183 3105 278 3152 autern
292 3105 425 3153 censetur
437 3097 555 3154 venialis
570 3096 670 3154 eodem
685 3096 731 3154 die
745 3095 779 3153 ad
793 3096 1004 3155 Eucharistiam
1018 3096 1164 3165 accedere,

75 3212 130 3264 quo
145 3195 222 3266 quis,
238 3194 389 3270 voluptatis
409 3213 504 3262 causa,
530 3195 666 3271 conjugio
680 3214 748 3252 usus
762 3205 814 3252 est.
857 3196 929 3253 “Ita
943 3197 1163 3264 communiter‚”

75 3292 112 3348 ait
125 3293 262 3360 Antoine,
285 3300 345 3350 “ut
358 3302 469 3350 constat
482 3311 518 3350 ex
534 3286 716 3351 Sanohez.”⁴
756 3292 886 3352 Reddere
901 3304 994 3352 autem
1009 3305 1076 3373 post
1088 3315 1165 3355 com·

75 3391 242 3447 munionem
256 3391 334 3447 nulla
347 3400 390 3447 est
403 3391 504 3467 culpa:
527 3393 586 3449 imo
599 3403 696 3467 petere
710 3392 787 3450 nulla
799 3393 863 3470 lege
884 3393 1049 3471 prohibetur
1068 3415 1166 3469 quam-

76 3489 116 3545 vis
131 3488 275 3546 abstinere
289 3488 430 3566 expediat.

113 3591 162 3644 52.
185 3587 243 3653 Qui
264 3587 453 3662 pollutionem
474 3588 590 3646 admisit
609 3589 808 3658 voluntariam,
828 3610 886 3649 non
908 3590 993 3650 debet
1005 3591 1106 3650 eodem
1120 3591 1166 3649 die

76 3683 109 3740 ad
122 3684 336 3743 Eucharistiam
358 3684 503 3754 accedere,
526 3686 637 3745 etiarnsi
660 3690 829 3747 contritione
849 3690 937 3747 animi
950 3699 979 3747 et
991 3689 1168 3747 absolutione

76 3780 211 3859 deinceps
224 3792 373 3841 assecutus
387 3785 500 3842 veniam
515 3785 652 3852 videatur,
667 3806 733 3844 nam
748 3788 815 3845 tanti
829 3787 996 3844 sacramenti
1009 3785 1170 3843 reverentia

77 3889 157 3948 vetat,
172 3899 209 3938 ne
224 3883 289 3954 quis
304 3901 431 3940 recensa
450 3894 567 3959 peccato
581 3893 689 3962 patrato
710 3884 779 3943 illud
801 3884 947 3960 suscipiat.
990 3882 1068 3940 Hinc
1082 3881 1120 3940 ait
1135 3882 1168 3940 S.

112 4057 155 4120 (l)
175 4055 210 4104 iii.
222 4071 247 4119 p.
259 4071 300 4119 qu.
312 4057 389 4106 lxxix.
401 4065 444 4106 art.
456 4058 505 4107 viii.
755 4060 797 4124 (2)
821 4056 991 4108 lconviim.

111 4140 154 4204 (3)
176 4138 260 4189 Causa
271 4141 359 4191 xxxiii.
370 4159 413 4205 qu.
424 4143 456 4192 iv.
469 4147 491 4202 ς.
503 4144 543 4192 vii.
582 4144 625 4194 Vir
635 4159 693 4195 mm
700 4143 816 4211 proprio.

114 4225 157 4290 (4)
177 4225 287 4275 Antoine
308 4233 375 4277 tract.
387 4227 417 4277 do
430 4228 592 4290 Eucharistiae,
604 4246 625 4279 c.
637 4229 662 4280 ii.
673 4245 715 4293 qu.
726 4228 761 4278 iii.
773 4228 845 4293 Resp.
858 4229 881 4277 4.
916 4227 980 4279 Vide
997 4237 1021 4279 et
1032 4228 1058 4279 S.
1070 4229 1144 4296 Alph
1157 4234 1172 4282 l.

85 4307 150 4357 vin.
166 4311 226 4356 273.

604 4395 651 4448 9*
