2640 4860
161 384 221 443 teo
457 374 516 435 DE
536 371 962 435 DISPENSATIONIBUS.

162 545 311 607 “Melcte
331 542 386 602 iliae
400 543 435 601 ad
456 542 668 601 resarciendum
689 541 783 614 aliqua
803 541 912 600 ratione
931 539 1039 598 vulnus
1059 538 1141 612 quod
1155 555 1195 596 ex
1207 536 1274 595 dis··

161 647 360 724 pensationum
385 642 636 700 matrimonialium
663 641 850 699 concessione
873 639 1076 698 ecclesiasticae
1099 637 1263 714 disciplina

161 744 309 821 infligitur,
321 751 350 800 et
362 741 398 799 ad
411 742 589 799 matrimonia
602 743 676 799 inter
688 758 825 816 personas
838 739 1094 816 consanguinitatis
1108 738 1157 796 vel
1171 735 1262 794 affini·

161 844 225 901 tatis
239 843 353 900 vinculo
367 842 489 899 invicem
503 841 668 917 conjunctas
678 840 783 898 rariora
793 859 825 896 ac
839 838 999 897 difficiliora
1013 837 1174 904 reddenda,
1184 837 1259 913 juste

163 943 199 1000 ab
213 942 347 999 Ecclesia
367 940 571 1011 salubriterque
582 940 739 998 constitutae
753 938 853 996 sunt.'’
885 937 1026 996 “Dantur
1038 938 1128 995 etiam
1147 937 1260 1011 dispen-

161 1042 286 1100 sationes
300 1042 407 1113 absque
420 1039 479 1096 ulla
491 1039 685 1116 eleemosyna,
699 1039 835 1096 informa
849 1056 1007 1115 pauperum
1021 1033 1134 1095 dicta.1
1193 1040 1196 1046 “

351 1238 377 1310 §.
392 1236 447 1294 lll.
489 1235 537 1293 Da
556 1254 842 1294 nisenussmoumus
862 1254 1067 1300 execuuuors.

201 1411 271 1465 225.
293 1406 414 1472 Quoties
435 1405 645 1463 matrimonium
661 1405 690 1462 in
704 1404 775 1462 saoie
794 1405 935 1462 Ecclesioe
954 1413 1131 1463 contractum
1146 1403 1250 1461 nullum

163 1517 207 1564 est
219 1508 256 1564 ob
277 1504 512 1582 impedimentum
527 1505 681 1571 occultum,
696 1503 772 1576 quod
786 1512 902 1562 nonest
921 1504 1083 1581 periculum
1098 1504 1194 1580 palam
1207 1501 1251 1558 ali·
1267 1541 1271 1557 t

163 1604 276 1679 quando
290 1605 476 1671 innotescere,
491 1623 507 1660 v
520 1623 527 1661 ε
550 1623 585 1680 g:
608 1604 684 1676 quod
699 1604 848 1680 proveniat
860 1622 897 1660 ex
917 1603 1021 1684 oppula
1041 1603 1144 1662 illicita
1157 1602 1204 1659 uni
1217 1618 1249 1656 ex

161 1704 391 1763 contrahentibus
404 1713 480 1772 nota,
495 1703 605 1761 sublato
619 1722 670 1779 per
688 1703 931 1778 dispensationem
942 1701 1161 1780 impedimento,
1175 1717 1249 1759 reno

160 1804 220 1861 vari
246 1803 350 1879 poterit
375 1820 534 1861 consensus
560 1803 690 1878 privatim
714 1803 821 1874 absque
842 1803 979 1879 parocho,
1001 1802 1049 1860 vel
1071 1802 1195 1870 arbitris,
1213 1797 1248 1855 uti

161 1901 315 1960 declaravit
335 1901 368 1958 S.
389 1902 460 1960 Pius
484 1902 522 1959 V.
545 1911 615 1959 teste
640 1902 747 1960 Navar.
790 1900 913 1960 Etiamsi
938 1911 1059 1973 uterque
1080 1900 1244 1959 contrahens

161 2011 287 2077 tempore
307 2001 466 2075 nuptiamm
487 2001 597 2059 noverit
618 2001 867 2078 impedimentum,
881 2000 993 2059 videtur
1008 2018 1097 2078 posse
1111 1996 1246 2064 renovari,

161 2099 374 2177 dispensatione
401 2101 559 2175 impetrata,
583 2100 689 2172 absque
715 2099 853 2176 parocho,
877 2101 922 2158 vel
948 2101 1082 2158 testibus.
1128 2099 1162 2157 st
1188 2093 1245 2153 verri

161 2199 317 2274 periculum
333 2199 418 2255 sitne
432 2197 668 2273 impedimentum
680 2199 850 2269 innotescat,
865 2208 893 2257 et
905 2199 995 2257 multo
1009 2200 1104 2276 magis
1118 2199 1144 2255 si
1158 2213 1247 2272 reapse

75 2286 81 2297 ¹
161 2297 324 2362 innotuerit,
339 2314 499 2353 consensus
513 2313 607 2352 coram
622 2297 747 2371 parocho
761 2307 790 2355 et
809 2300 926 2356 testibus
940 2298 993 2356 erit
1011 2297 1203 2364 renovandus,
1215 2311 1247 2352 ne

160 2393 371 2452 matrimonium
386 2395 415 2451 in
426 2395 615 2467 quaestionem
629 2395 764 2472 deinceps
775 2399 878 2455 veniat.
919 2396 966 2454 De
981 2398 1175 2455 matrimoniis
1188 2413 1248 2452 con·

160 2495 253 2552 tractis
281 2512 375 2551 coram
402 2496 578 2571 magistratu,
606 2495 651 2552 vel
677 2514 808 2570 praecone
834 2497 978 2564 heretico,
1000 2496 1078 2555 idem
1099 2494 1244 2555 dicendum

159 2593 279 2652 videtur.
309 2594 342 2651 st
356 2595 431 2652 enirn
454 2594 690 2670 impedimentum
710 2594 820 2652 latuerit
834 2615 891 2668 quo
905 2615 939 2653 ea
951 2597 1031 2654 irrita
1044 2606 1123 2664 sunt,
1138 2606 1167 2653 et
1180 2594 1245 2670 peri-

159 2694 255 2751 culum
270 2693 379 2752 nullum
395 2696 432 2751 sit
445 2692 513 2752 illud
527 2703 625 2751 notum
642 2693 777 2761 sutorum,
793 2694 903 2753 secretb
917 2697 1048 2753 renovari
1062 2696 1168 2772 poterit
1185 2712 1246 2750 con·

160 2811 272 2861 sensus,
294 2813 382 2866 quum
400 2794 435 2851 de
457 2802 599 2850 contractu
627 2794 697 2852 alliis
725 2795 793 2850 satis
814 2804 935 2852 constet.
977 2794 1062 2861 Quod
1089 2796 1114 2853 si
1141 2795 1243 2851 irritum

162 2891 246 2950 suerit
265 2894 478 2951 matrimonium
493 2893 529 2950 ob
544 2891 735 2967 disparitatem
751 2894 853 2960 cultus,
867 2895 913 2951 vel
924 2893 1000 2951 aliud
1013 2894 1243 2970 impedimentum

159 2993 339 3060 canonicum,
368 2992 548 3050 renovandus
575 2993 627 3049 erit
653 3012 824 3059 consensus,
852 2993 1064 3069 dispensatione
1091 2995 1243 3070 impetrata,

159 3109 253 3149 coram
268 3092 431 3149 sacerdote:
454 3091 504 3148 sed
525 3094 637 3162 quoties
652 3110 717 3167 pars
738 3093 893 3151 acatholica
912 3112 970 3151 non
983 3095 1044 3152 vult
1059 3112 1155 3150 coram
1169 3111 1202 3149 eo
1215 3108 1242 3146 se

158 3190 270 3258 sistere,
298 3202 406 3249 secreta
431 3191 576 3248 renovatio
603 3192 727 3268 permitti
754 3202 855 3268 potest.
911 3192 1069 3250 Conversis
1089 3191 1125 3249 ad
1151 3191 1245 3256 fidem,

158 3306 279 3362 quorum
301 3292 512 3348 matrimonium
534 3292 644 3349 nullum
662 3311 726 3348 esse
747 3293 906 3368 contigerit,
920 3293 945 3349 si
965 3291 1039 3350 nihil
1052 3292 1087 3350 de
1101 3312 1137 3351 eo
1158 3290 1243 3368 suspi·

156 3394 264 3453 centur,
279 3396 308 3442 et
319 3389 415 3463 gravis
430 3391 468 3445 sit
489 3388 640 3447 difficultas
656 3393 793 3468 conjuges
817 3391 970 3450 inducendi
984 3401 1014 3450 ut
1027 3394 1128 3464 quavis
1142 3393 1242 3449 ratione

156 3494 295 3542 renovent
307 3503 491 3552 consensum,
506 3487 556 3541 vix
571 3490 737 3563 scrupulum
754 3492 868 3568 injicere
883 3501 1010 3569 oportet:
1032 3492 1110 3564 quod
1124 3493 1150 3548 si
1163 3493 1241 3548 inter·

156 3585 317 3663 rogaverint
327 3584 513 3652 sacerdotem,
524 3604 557 3642 ea
566 3589 749 3662 proponenda
759 3601 802 3647 est
812 3591 882 3648 ratio
896 3590 1050 3649 renovandi
1064 3607 1240 3653 consensum,

156 3702 220 3756 quae
234 3686 390 3745 minoribus
402 3686 530 3762 subjacet
538 3686 767 3747 difficultalibus:
790 3691 1010 3766 poteritscilicet
1020 3690 1130 3750 secreti
1141 3690 1242 3748 insinu-

156 3803 202 3843 are
216 3786 245 3843 in
266 3787 399 3844 Ecclesia
413 3785 564 3845 Catholica
583 3789 718 3865 baptismi
731 3789 870 3847 delectum
890 3791 1001 3847 obstare
1022 3791 1176 3849 consensui
1185 3789 1240 3864 jam

155 3886 292 3960 praestito,
317 3885 366 3943 sed
389 3896 492 3961 praesto
515 3906 579 3944 esse
603 3889 774 3947 remedium.
815 3888 962 3961 Equidem
985 3891 1059 3965 parti
1082 3888 1241 3948 acatholicae

154 3984 320 4058 persuaderi
330 3984 378 4041 vix
388 3986 491 4059 poterit
503 4005 677 4045 consensum
691 3990 724 4046 ab
738 3988 819 4046 initio
832 3987 910 4047 haud
923 3989 1059 4058 valuisse,
1074 3999 1102 4046 et
1115 3988 1240 4066 injuriam

155 4082 209 4139 sibi
230 4092 258 4138 ct
277 4083 349 4159 proli
369 4083 431 4141 fieri
451 4085 623 4143 existimabit
643 4088 749 4164 nuptiis
770 4088 871 4144 iterum
892 4087 1090 4147 celebrandis:
1119 4084 1239 4160 alioquin

154 4180 256 4239 affectu
269 4182 370 4240 marito
384 4193 542 4242 consortem
558 4185 673 4244 thalami
686 4204 873 4264 prosequens.

427 4351 468 4415 (l)
487 4349 550 4400 Vide
562 4351 670 4402 Garriere
679 4360 696 4402 t.
707 4353 732 4403 ti.
744 4353 774 4402 de
785 4360 842 4403 mat
854 4369 879 4404 n.
893 4355 965 4404 1128.
