2640 4860
185 378 245 435 224
444 371 501 431 DE
522 371 707 433 MUNERE
730 371 1018 443 CONFESSARII.

628 912 770 971 CAPUT
790 912 830 971 X.

523 1126 562 1166 DE
583 1127 706 1166 MUNERE
727 1126 931 1166 confossatur.

465 1286 530 1360 §.L
572 1285 619 1343 Da
634 1304 826 1345 cournssnnrr
843 1302 993 1344 serenam.

223 1443 292 1496 213.
314 1438 489 1497 Confessarii
502 1436 582 1495 dotes
596 1437 641 1495 his
656 1439 786 1496 versibus
801 1437 940 1495 enuntiari
953 1435 1064 1493 solent:

371 1637 416 1694 Sit
428 1636 543 1711 probus,
558 1645 586 1692 et
598 1636 677 1694 sortis
691 1635 848 1702 consessor,
864 1634 957 1706 sitque
972 1632 1091 1709 peritus,

371 1735 532 1803 Discretus,
546 1736 666 1813 patiens,
681 1735 767 1802 mitis,
782 1735 858 1810 pius,
870 1742 954 1803 atque
968 1730 1072 1789 fidelis.

183 1933 309 1991 Scieutia
322 1934 461 2009 imprimis
475 1933 634 1990 necessaria
647 1941 699 2000 est,
711 1941 743 1989 ut
756 1932 819 2004 quis
835 1948 951 1988 munere
965 1929 1021 1987 boc
1036 1937 1110 1986 recte
1119 1927 1262 2002 longatum

180 2033 231 2090 sed
247 2043 278 2091 ut
290 2033 381 2090 valeat
391 2031 540 2098 absolutio,
551 2032 618 2088 satis
630 2042 674 2088 est
686 2042 718 2089 ut
727 2034 792 2104 quis
806 2031 876 2088 sciat
884 2048 947 2086 eam
957 2028 1094 2106 prolerre,
1105 2038 1133 2083 et
1141 2025 1176 2082 de
1190 2034 1263 2081 actus

180 2134 316 2208 gravitate
330 2131 427 2188 morali
443 2141 528 2202 queat
540 2130 719 2200 aliquatenus
729 2130 867 2208 judicare,
876 2129 998 2205 graviaa
1011 2127 1121 2184 levibus
1134 2123 1265 2201 peccatis,

180 2231 209 2288 in
224 2230 259 2287 iis
273 2249 335 2300 quae
350 2230 537 2286 communiter
550 2238 709 2296 occurrunt,
723 2228 940 2305 distinguendo:
964 2234 1141 2302 quapropter
1157 2224 1206 2280 vix
1225 2231 1264 2278 est

180 2329 226 2385 cui
240 2326 320 2384 deest
333 2327 450 2383 scientia
463 2325 497 2383 ad
511 2326 635 2383 valorem
657 2328 825 2385 sacramenti
847 2327 1013 2386 necessaria.
1056 2325 1099 2383 Ut
1110 2323 1219 2382 licitum
1232 2321 1266 2378 sit

179 2427 306 2483 muueris
328 2425 414 2502 hujus
437 2425 615 2492 exercitium,
636 2425 720 2502 longe
743 2428 834 2502 major
859 2425 1011 2500 requiritur
1030 2423 1171 2487 scientia;
1202 2438 1264 2479 nam

178 2527 252 2584 scire
266 2534 376 2603 oportet
396 2524 489 2601 legem
514 2525 651 2592 divinam,
666 2525 806 2584 Ecclesiae
820 2533 971 2600 praecepta,
986 2531 1015 2580 et
1028 2540 1141 2581 morum
1155 2520 1263 2597 regulas

179 2626 335 2702 generales,
350 2634 381 2683 ut
393 2626 459 2698 quis
476 2624 586 2702 judicet
608 2624 643 2681 tle
663 2624 796 2701 gravitate
810 2625 972 2689 criminum,
987 2630 1015 2679 et
1029 2622 1166 2681 oneribus
1179 2620 1265 2694 impu

178 2724 290 2792 neudis‚
305 2735 333 2782 et
354 2736 446 2783 utrum
470 2727 639 2801 poenitentes
661 2724 775 2798 possint
794 2724 934 2782 absolvia
954 2722 1101 2798 pcccatis:
1124 2726 1265 2795 “oportet

178 2825 256 2883 enim
270 2834 301 2881 ut
313 2826 383 2882 sciat
405 2841 579 2901 cognoscere
601 2823 739 2895 quidquid
762 2823 846 2881 debet
861 2821 1002 2901 judicari:
1021 2818 1263 2898 judiciariaenim

178 2935 304 2999 potestas
318 2923 372 2982 boc
386 2924 519 3000 postulat,
533 2933 564 2979 ut
576 2923 653 2994 quod
674 2921 758 2980 debet
772 2922 913 3001 judicare,
928 2912 1118 2979 discernat.”l
1160 2916 1265 2992 Optan-

176 3020 244 3080 dum
264 3031 308 3080 est
327 3041 389 3081 eam
416 3023 514 3079 haberi
540 3023 686 3079 scientiam
714 3022 859 3088 eximiam,
880 3041 936 3094 qua
961 3019 997 3076 de
1024 3017 1146 3095 siugulis
1173 3032 1265 3073 rerum

176 3122 322 3178 eventibus
332 3121 474 3197 judicium
488 3121 524 3176 sit
537 3120 689 3187 idoneum;
710 3121 761 3178 sed
775 3139 862 3192 quum
877 3121 938 3178 haec
951 3136 1108 3194 paucorum
1128 3116 1176 3184 sit,
1197 3113 1262 3170 satis

177 3221 229 3276 erit
239 3220 381 3295 praecipua
392 3238 477 3278 nosse
486 3238 523 3275 ex
537 3221 640 3291 quibus
654 3220 776 3293 pendeat
783 3238 876 3277 rerum
886 3218 1037 3296 judicium,
1046 3226 1075 3274 et
1084 3214 1264 3274 difficultates

176 3335 262 3392 posse
282 3317 516 3384 animadvertere,
537 3327 568 3375 ut
587 3318 700 3376 aliunde
721 3328 862 3392 quaeratur
880 3318 994 3376 solutio.
1037 3316 1198 3386 Quousque
1218 3329 1265 3368 ex·

176 3413 305 3471 tendatur
317 3416 380 3490 ejus
393 3425 528 3491 potestas,
542 3425 571 3471 et
593 3417 695 3488 quibus
716 3419 839 3476 vinculis
861 3424 1022 3493 peccatores
1043 3413 1262 3488 adstringantur,

176 3530 213 3570 ex
221 3512 284 3588 lege
295 3514 429 3588 generali,
438 3514 484 3571 rel
495 3514 613 3589 speciali
624 3516 757 3573 ordinarii
769 3526 882 3585 statuto,
894 3514 1034 3589 imprimis
1045 3532 1133 3572 nosse
1144 3519 1261 3588 oportet,

176 3630 212 3670 ue
237 3612 340 3669 limites
367 3612 595 3690 transgrediatur.
651 3615 759 3672 “Nulli
786 3611 997 3680 sacerdotum,”
1020 3614 1059 3670 ait
1086 3610 1259 3669 Caelestinus

175 3710 322 3781 Pontifex,
351 3712 465 3770 “liceat
484 3731 609 3771 canones
636 3713 776 3788 ignorare,
803 3733 857 3772 nec
881 3713 1034 3785 quicquam
1061 3710 1167 3778 facere,
1188 3703 1259 3781 quod

174 3821 285 3888 patrum
310 3813 402 3889 possit
425 3813 530 3889 regulis
556 3805 722 3870 obviare.”²
771 3813 936 3884 Unicuique
963 3810 1071 3868 idcirco
1095 3805 1258 3867 confessarii

174 3929 278 3968 munus
292 3912 427 3970 ambienti
440 3912 563 3970 studium
579 3907 746 3986 Theologiae
759 3911 879 3969 Moralis
893 3909 1139 3986 pernecessarium
1154 3915 1214 3965 est:
1234 3912 1259 3959 et

175 4009 359 4068 vehementer
378 4011 513 4069 falluntur
533 4010 582 4082 qui
606 4017 707 4084 putant
726 4027 812 4067 sensu
837 4017 945 4066 tantum
966 4026 1029 4074 suo,
1054 4026 1141 4079 quem
1161 4019 1256 4064 seusus

174 4109 335 4166 communis
349 4112 464 4169 nomine
478 4110 639 4186 dignantur,
654 4108 751 4166 omnia
764 4107 846 4167 facile
866 4107 970 4165 dirimi.
1012 4106 1175 4163 Verissime
1194 4100 1256 4161 dicit

244 4322 287 4388 (l)
309 4322 370 4388 Gap.
381 4325 397 4374 i.
408 4325 461 4374 dist
473 4326 504 4375 vi.
514 4326 543 4376 de
550 4335 640 4394 poerrrt.
805 4329 848 4392 (2)
869 4325 930 4389 Cap.
945 4322 1024 4383 Nulli,
1035 4321 1084 4371 dist
1092 4322 1194 4372 xxxviii.
