2640 4860
463 351 520 411 DE
543 349 843 411 SPONSORIBUS.
1158 357 1196 411 55

147 521 193 574 54.
225 518 427 576 “Procurator
449 536 508 576 non
537 519 679 578 contrahit
700 521 899 598 cognationem
925 520 1101 596 spiritualem
1127 521 1194 589 sibi,

114 617 158 674 sed
172 617 352 676 mandanti.’'
393 617 436 675 Ita
449 616 577 679 decisum
592 638 607 675 a
621 619 653 677 S.
670 618 903 698 Congregatioue
924 620 1057 679 refertur:
1080 620 1157 692 quod
1170 632 1198 681 et
1300 620 1305 633 ’

111 734 264 794 congruum
278 728 322 774 est
333 716 444 784 rationi,
459 735 546 791 quum
560 717 653 776 alieno
666 720 782 778 nomine
797 716 884 795 agat.¹

147 821 194 874 55.
216 816 235 874 J
238 817 305 874 ubet
316 817 471 876 concilium
485 816 706 875 Tridentinum:
730 818 900 894 “parochus
914 829 1066 891 antequam
1081 820 1116 878 ad
1130 821 1196 899 bap·

112 916 221 975 tismum
235 915 439 975 conserendum
454 915 578 984 accedat,
600 916 752 995 diligenter
773 918 874 984 abiis,
895 918 930 975 ad
953 937 1025 991 quos
1045 921 1194 995 spectabit,

111 1016 273 1085 sciscitetur,
289 1035 387 1090 quem,
407 1015 453 1073 vel
476 1034 550 1089 quos
570 1016 715 1094 elegerint,
737 1026 769 1075 ut
787 1018 960 1093 baptizatum
974 1018 1009 1074 de
1022 1037 1103 1079 sacro
1117 1021 1194 1080 sonte

111 1116 278 1192 suscipiant3
300 1126 329 1173 et
347 1134 413 1174 eum
433 1115 478 1172 vel
499 1133 550 1173 eos
571 1123 679 1174 tantum
700 1115 735 1174 ad
757 1117 837 1175 illum
858 1116 1073 1191 suscipiendum
1097 1119 1195 1179 admit·

111 1214 176 1271 tat.'’
192 1257 200 1272 .
217 1257 224 1270 .
242 1256 274 1272 ..
301 1214 415 1282 “Quod
437 1215 463 1271 si
482 1215 540 1282 alii,
562 1215 634 1272 ultra
654 1215 825 1293 designatos,
846 1216 1021 1292 baptizatum
1043 1203 1193 1295 tetigerint,

110 1315 307 1391 cognationem
327 1313 501 1391 spiritualem
516 1314 595 1372 nullo
609 1326 692 1392 pacto
706 1312 922 1374 contrahant.”²
963 1317 995 1374 Si
1009 1317 1078 1375 nulli
1092 1318 1196 1377 fuerint

111 1412 248 1492 designati
274 1424 303 1472 et
327 1415 423 1491 plures
450 1415 631 1483 accesserint,
665 1435 766 1474 omnes
792 1417 990 1494 cognationem
1016 1418 1195 1486 contrahunt,

108 1515 185 1590 juxta
193 1514 243 1590 jus
258 1515 414 1587 antiquum,
429 1512 506 1586 quod
519 1513 573 1571 hec
587 1515 616 1572 in
629 1533 659 1571 re
672 1515 851 1574 immutatum
865 1535 922 1574 nou
937 1511 1072 1575 videtur.³
1111 1517 1197 1585 Quod

110 1614 133 1670 si
146 1612 288 1689 designati
309 1632 368 1672 uon
389 1622 514 1690 tangant,
535 1613 582 1671 alii
603 1612 670 1672 verb
694 1624 819 1692 tangant,
833 1615 874 1683 hi,
889 1636 947 1674 non
961 1616 1013 1683 illi,
1028 1617 1197 1676 contrahunt

111 1714 318 1791 cognationem,
337 1714 403 1790 jure
425 1714 540 1787 antiquo
561 1713 647 1771 etiarn
662 1724 811 1773 manente:
833 1715 948 1787 quodsi
963 1735 1037 1774 uurrs
1051 1735 1088 1774 ex
1101 1717 1195 1796 desig·

110 1814 180 1870 uatis
193 1821 300 1888 tangat,
315 1813 443 1884 aliusque
457 1811 533 1870 haud
553 1812 728 1890 designatus,
744 1814 802 1880 ille,
820 1833 878 1872 non
896 1815 953 1882 hic,
968 1833 1030 1872 eam
1044 1817 1193 1875 contrahit.

109 1911 142 1970 'Si
164 1913 263 1990 plures
276 1930 362 1985 quam
376 1910 432 1969 duo
455 1912 559 1970 suerint
578 1913 729 1991 designati,
750 1922 778 1970 et
800 1932 900 1971 omnes
921 1921 1036 1990 tangant
1048 1914 1195 1984 infantem,

113 2030 209 2070 omnes
223 2011 409 2080 contrahunt3
430 2011 530 2070 saltem
550 2013 576 2070 si
589 2032 647 2071 non
661 2022 774 2071 constet
787 2013 850 2086 quis
864 2015 943 2091 prius
958 2013 1090 2089 tetigerit.
1134 2014 1196 2072 “Si

112 2112 251 2188 parochus
265 2111 426 2171 admitteret
438 2111 533 2188 plures
547 2114 675 2189 patrinos
690 2130 775 2184 quam
788 2111 870 2183 duos,
887 2112 1042 2172 mortaliter
1054 2122 1194 2194 peccaret,

112 2212 172 2284 quia
184 2211 301 2270 laederet
313 2219 488 2289 praeceptum
508 2211 647 2271 Ecclesiae
667 2213 696 2270 in
716 2232 746 2270 re
767 2214 855 2289 gravi,
873 2214 1039 2291 impositum
1053 2233 1089 2273 ne
1103 2214 1196 2273 multi·

110 2312 247 2388 plicentur
261 2312 456 2389 cognationes.
499 2311 532 2369 Si
546 2309 611 2369 verb
625 2313 721 2389 plures
741 2313 844 2390 patrini
857 2313 991 2371 accedant
1004 2333 1020 2371 a
1033 2315 1195 2391 parentibus

112 2411 261 2489 designati,
276 2412 348 2470 bene
362 2411 465 2488 poterit
475 2411 636 2486 permittere
649 2411 745 2492 (prout
758 2413 797 2469 ait
817 2412 907 2470 Croix
921 2433 950 2472 n.
966 2410 1038 2492 350)
1052 2424 1084 2474 ut
1096 2432 1195 2472 omnes

112 2520 239 2589 tangant;
261 2511 347 2569 modo
372 2519 488 2570 externe
515 2509 645 2588 designet
664 2531 753 2570 unum
779 2519 807 2568 et
831 2530 929 2579 unam,
957 2513 1059 2584 quibus
1086 2521 1195 2572 tantum

113 2612 197 2669 madal
210 2610 358 2677 infantem,
373 2620 400 2668 et
413 2611 478 2668 illos
492 2610 571 2668 solos
585 2611 700 2670 adnotet
712 2619 742 2668 ut
755 2610 890 2686 patrinos,
905 2619 1075 2684 moneatque
1089 2619 1196 2670 tantum

112 2729 157 2769 eos
180 2711 381 2788 cognationem
402 2710 612 2769 contraxisse.”
653 2712 696 2769 Ita
707 2711 739 2768 S.
751 2705 946 2784 Alphonsus.⁴
986 2709 1068 2768 Duos
1092 2728 1195 2777 mares,

112 2812 153 2869 vel
177 2811 249 2869 duas
273 2809 403 2869 saeminas
424 2810 458 2868 ad
481 2829 653 2886 sponsorum
675 2829 778 2887 munus
805 2809 891 2866 simul
911 2807 1059 2871 admittere
1085 2808 1196 2868 videtur

113 2911 227 2968 venialis
250 2909 344 2986 eulpa,
366 2913 391 2970 si
414 2911 472 2968 sint
491 2909 621 2986 ejusdem
641 2929 728 2968 sexus
753 2929 785 2967 ac
810 2908 922 2976 infans3
944 2927 1027 2967 secus
1050 2909 1194 2977 mortalis;
1239 2976 1243 2981 Ι

113 3029 195 3083 quum
209 3010 364 3086 prohibitio
385 3012 458 3069 facta
480 3011 518 3068 sit
537 3009 571 3067 ad
585 3008 780 3086 impediendas
794 3007 979 3085 cognationes
993 3003 1123 3066 nimias.⁵
1163 3008 1196 3066 Si

112 3110 209 3168 unicus
223 3111 261 3167 sit
273 3128 406 3186 sponsor,
420 3109 490 3167 ratio
505 3128 591 3167 sexus
604 3128 662 3166 non
676 3110 803 3167 habetur.
834 3096 841 3121 ‘

148 3213 197 3267 56.
220 3208 420 3268 Excluduntur
442 3229 459 3266 a
478 3227 649 3285 sponsorum
670 3228 787 3267 munere
800 3207 944 3275 monachi,
964 3207 1194 3268 sanctimoniales

112 3318 138 3366 et
149 3309 294 3386 regulares
308 3328 407 3367 omnes
422 3328 439 3365 a
452 3309 557 3367 saeculo
570 3310 721 3386 segregati,
745 3308 823 3382 quod
842 3309 928 3367 etiam
949 3306 985 3366 de
997 3309 1033 3367 iis
1045 3309 1096 3381 qui
1109 3310 1197 3366 sacris

113 3409 297 3467 missionibus
311 3419 419 3476 vacant,
434 3408 616 3485 intelligitnr;
637 3428 696 3467 nou
716 3419 808 3467 autem
822 3408 857 3466 de
871 3409 1016 3486 episcopis
1037 3427 1074 3466 ex
1097 3409 1197 3467 ordine

81 3569 86 3578 ,
112 3509 232 3584 regulari
247 3509 417 3584 assumptis:
439 3506 532 3565 valide
553 3517 657 3577 tamen,
679 3510 810 3581 quamvis
828 3509 935 3578 illicite,
950 3528 1053 3567 munus
1067 3508 1123 3568 hoc
1136 3528 1198 3566 sus·

112 3608 227 3684 cipiunt.
270 3608 393 3666 Infames
404 3609 499 3676 etiam,
514 3608 589 3665 sicut
600 3617 629 3666 et
641 3618 774 3684 apostate
787 3602 989 3685 repelluntur.⁶

150 3713 198 3766 57.
221 3708 305 3767 Nihil
318 3709 450 3784 prohibet
463 3708 532 3779 quin
546 3708 589 3765 vir
608 3716 636 3765 et
648 3728 723 3766 uxor
735 3708 821 3766 simul
835 3709 960 3781 aliquem
973 3706 1009 3764 de
1022 3723 1104 3763 sacro
1118 3705 1196 3760 sonte

113 3803 282 3865 levarent.”⁷
334 3806 378 3865 Ita
403 3808 435 3866 S.
464 3807 611 3865 Thomas:
642 3809 741 3882 sicque
773 3807 827 3866 sert
851 3802 1037 3870 consuetudo,
1066 3801 1197 3875 quamvis

114 3924 235 3965 canones
250 3906 403 3979 aliquando
417 3908 446 3965 id
459 3907 606 3965 vetuerint.

147 4095 191 4160 (l)
210 4092 237 4141 S.
249 4092 324 4157 Alph.
336 4094 352 4143 l.
363 4093 395 4142 vi.
406 4109 431 4143 n.
445 4095 502 4142 153.
716 4095 758 4158 (2)
778 4092 843 4139 Sese.
853 4089 920 4138 xxiv.
932 4086 1020 4153 capii.
1031 4084 1061 4138 de
1073 4085 1131 4154 Res.

145 4181 186 4245 (3)
207 4178 238 4228 G.
249 4177 292 4226 fin.
303 4176 333 4229 de
344 4176 527 4246 cogu.apir.r'n
539 4180 563 4226 6.
716 4177 760 4242 (4)
779 4173 809 4223 1..
820 4175 837 4224 l.
848 4173 917 4229 vta.
930 4173 986 4221 154.

147 4265 189 4331 (5)
207 4262 307 4324 Ibidem,
318 4278 344 4312 u.
355 4264 414 4311 455.
716 4261 759 4326 (6)
778 4258 842 4308 Vide
854 4257 903 4308 Rit.
914 4257 985 4307 Rom.

358 4342 966 4418 (7)1niv.dutxlitqni;artiii.quii.ad4.
