2640 4860
108 402 168 457 284
467 391 525 451 DE
546 388 842 450 SPONSALIBUS.

110 574 139 621 et
148 575 262 637 genere,
273 558 318 615 vel
333 575 451 615 munere
461 558 593 635 insignis,
605 556 714 615 aneillae
727 555 866 633 promittit
878 573 911 613 se
924 573 990 614 eam
1004 554 1159 623 ducturum,
1169 553 1189 610 si

111 660 166 736 ipsi
180 675 289 716 morem
305 667 393 733 gerat,
408 674 466 714 non
479 667 611 715 censetur
629 655 774 731 sponsalia
786 653 973 723 contrahere:
994 672 1063 712 narn
1083 654 1155 712 fictio
1165 671 1190 709 se

112 756 216 834 prodit,
231 754 302 814 adeo
317 765 348 814 ut
360 756 422 832 ipsa
434 757 490 814 sibi
503 757 640 831 imputare
655 755 756 812 debeat
767 771 904 812 errorem.

151 862 182 913 2.
204 855 358 931 sponsalia
379 856 498 931 exigunt
513 872 576 912 eam
598 855 687 912 animi
708 851 938 911 deliberationem
963 869 1028 924 qnae
1042 850 1078 909 ad
1091 867 1194 928 gravem

112 953 334 1013 contrahendam
349 953 547 1029 obligationem
561 953 727 1025 requiritur:
749 970 801 1011 nee
820 951 898 1009 enim
918 950 1031 1018 leviter,
1046 958 1076 1008 et
1087 968 1118 1007 re
1129 948 1195 1006 haud

113 1072 266 1131 perpensa,
281 1064 388 1110 tantum
408 1051 610 1110 assumendum
624 1062 669 1109 est
687 1069 771 1108 onus.
800 1049 879 1108 Hinc
892 1050 942 1122 qui
963 1049 1038 1107 inter
1051 1047 1196 1108 ludendum

115 1152 278 1229 interrogati
292 1151 458 1228 promittunt
470 1169 502 1209 se
516 1151 727 1209 matrimonium
742 1150 872 1216 inituros,
883 1166 941 1206 nou
955 1157 1113 1208 censentur
1122 1165 1198 1224 spon·

115 1252 186 1310 salia
199 1249 374 1315 contrahere,
388 1249 454 1306 lieet
466 1268 504 1308 ex
518 1250 613 1308 animo
633 1249 806 1327 promittant,
820 1246 871 1305 sed
884 1265 916 1304 re
929 1266 1031 1324 parum
1046 1264 1197 1325 perpensa:

116 1362 238 1408 attamen
253 1366 369 1406 necesse
383 1366 441 1406 non
455 1359 498 1406 est
508 1359 539 1406 ut
552 1367 604 1426 per
617 1365 750 1424 magnum
760 1347 896 1424 temporis
906 1347 1033 1423 spatium
1044 1345 1200 1405 deliberatio

117 1449 175 1515 tiat,
190 1450 236 1507 vel
250 1457 281 1505 ut
293 1446 387 1506 onens
398 1447 560 1506 assumendi
573 1446 696 1524 gravitas
705 1445 817 1523 jndicio
830 1454 940 1504 maturo
951 1455 1073 1519 etaquo
1080 1445 1199 1503 libretur.

158 1552 187 1605 3.
219 1548 322 1605 Verbis
348 1545 516 1621 plerumque
539 1547 611 1604 fiunt
635 1545 796 1621 sponsalia:
822 1543 874 1602 sed
900 1552 929 1601 et
953 1544 1072 1604 nutibus
1104 1543 1200 1600 valent.

118 1645 240 1712 Quando
261 1645 402 1704 dubitatur
423 1654 516 1703 utrum
536 1645 622 1702 verba
641 1645 687 1703 vel
710 1645 792 1722 signa
805 1643 863 1702 vim
876 1642 1057 1719 sponsalium
1076 1642 1201 1707 habeant,

117 1746 279 1802 communis
293 1743 429 1818 loquendi
442 1753 471 1802 et
478 1743 581 1823 agendi
594 1743 665 1802 ratio
675 1742 830 1820 spectanda
839 1751 892 1810 est,
903 1739 955 1798 sed
968 1750 998 1799 et
1010 1742 1201 1818 pollicentium

118 1843 247 1902 animus:
263 1843 379 1916 quodsi
400 1842 535 1902 dubitatio
549 1842 609 1901 tolli
630 1851 762 1916 nequeat,
776 1840 887 1900 ridetur
906 1838 1063 1900 favendum
1075 1839 1201 1906 libertati,

116 1942 250 2020 obligatio
264 1944 340 2001 enirn
352 1942 538 2000 contrahendi
552 1942 725 1999 matrimonii
738 1959 811 2000 onus
826 1949 870 1998 est
892 1939 969 1997 haud
983 1947 1092 1999 temere
1112 1940 1198 2016 impe

117 2041 253 2108 nendum,
265 2053 294 2098 et
305 2042 419 2100 libertas
434 2041 617 2107 matrimonii,
629 2049 767 2113 quatenus
780 2040 872 2107 lieeat,
886 2037 1028 2098 servanda
1042 2050 1097 2097 est.

157 2144 186 2196 4.
209 2140 310 2197 Mutua
335 2139 489 2216 promissio
509 2139 677 2213 requiritur;
698 2138 843 2215 sponsalia
862 2137 938 2195 enirn
952 2147 1069 2213 paetum
1087 2137 1202 2196 duorum

117 2248 162 2293 est
175 2236 210 2294 de
229 2238 322 2295 futuro
343 2237 533 2294 matrimonio.
575 2237 609 2294 Si
629 2239 673 2296 vir
691 2239 835 2315 promittat
854 2255 885 2294 se
901 2235 1054 2295 dueturum
1075 2236 1201 2314 puellam,

118 2333 275 2392 dummodo
295 2335 358 2410 ipsa
380 2334 427 2392 det
446 2335 491 2392 sui
512 2336 639 2412 corporis
660 2355 755 2405 usum,
776 2334 940 2394 conditione
959 2335 1083 2412 impleta
1103 2336 1202 2408 absque

117 2441 215 2490 mutua
234 2433 436 2511 promissione,
451 2435 598 2510 sponsalia
617 2454 675 2495 non
700 2444 776 2503 sunt,
797 2434 849 2492 sed
867 2453 948 2493 mera
967 2435 1136 2510 promissio.
1176 2430 1206 2488 Si

118 2533 262 2610 promittat
275 2533 359 2591 etiarn
376 2534 499 2610 juratus,
513 2537 633 2611 ipsaque
651 2544 750 2592 renuat
762 2533 954 2610 promissione
968 2551 1001 2590 se
1021 2534 1204 2610 adstringere,

117 2632 182 2713 ipse
191 2632 300 2693 solutus
314 2634 502 2711 promissione
513 2634 640 2702 habetur,
655 2652 708 2692 nee
722 2635 799 2692 enim
814 2634 969 2710 promissio
984 2633 1042 2692 nisi
1056 2640 1204 2709 acceptata,

116 2731 232 2811 obligat.

159 2837 187 2889 5.
210 2833 339 2905 Uterque
352 2832 434 2891 debet
448 2851 512 2890 esse
526 2832 644 2890 idoneus
654 2833 846 2901 matrimonio,
862 2830 932 2890 adeo
946 2840 977 2890 ut
989 2831 1063 2889 nihil
1077 2828 1207 2907 impediat

120 2930 189 2988 illud
208 2951 261 2990 suo
275 2941 401 3008 ternpore
422 2932 567 2990 contrahi:
590 2951 656 2990 nam
677 2932 833 3007 promissio
853 2930 888 2990 de
908 2949 939 2989 re
962 2930 1150 3006 impossibili,
1163 2926 1206 2984 vel

120 3029 219 3088 illicita
232 3034 289 3090 vim
304 3050 361 3089 non
376 3032 469 3090 habet.
512 3030 591 3089 Hine
605 3032 811 3108 promissiones
820 3031 903 3089 etiarn
915 3031 1017 3107 juratae
1031 3027 1205 3105 sponsalium

121 3128 209 3188 instar
231 3129 369 3188 habenda
395 3149 452 3188 non
476 3142 551 3198 sunt,
566 3131 591 3187 si
617 3131 748 3190 alteruter
767 3130 805 3187 sit
822 3131 883 3210 jam
906 3128 1011 3204 ligatus
1035 3124 1205 3186 matrimonii

121 3228 246 3296 vinculo,
257 3227 303 3285 vel
316 3229 340 3284 si
354 3230 391 3287 sit
403 3230 564 3305 impotens;
579 3229 624 3287 vel
635 3231 660 3286 si
674 3248 799 3287 canones
812 3229 931 3286 obstent.
967 3226 1028 3293 Qui
1037 3227 1101 3304 jam
1114 3235 1205 3284 votum

122 3326 350 3401 emisitsimplex
360 3326 537 3401 ingrediendi
546 3328 724 3404 religionem,
740 3328 784 3385 vel
794 3325 969 3403 suscipiendi
978 3325 1094 3382 ordines
1106 3341 1205 3387 sacros,

121 3425 220 3497 nequit
240 3423 384 3498 sponsalia
397 3427 580 3484 contrahere:
596 3428 620 3484 si
634 3427 719 3502 igitur
732 3426 946 3492 alteriilluserit,
962 3423 1057 3491 debet,
1072 3435 1206 3498 quatenus

121 3524 221 3600 possit,
237 3522 408 3582 satisfacere.
451 3525 663 3584 Promissiones
684 3526 755 3584 inter
776 3526 913 3602 sanguine
929 3524 1059 3600 junctos,
1074 3525 1123 3583 vel
1144 3521 1206 3578 alias

122 3625 185 3702 lege
211 3621 374 3700 impeditos,
393 3642 451 3681 non
477 3633 543 3683 aunt
564 3623 724 3700 sponsalia:
748 3624 825 3697 quod
850 3625 876 3681 si
901 3631 1061 3699 apponatur
1087 3619 1207 3681 conditio

123 3722 343 3801 dispensationis
364 3723 558 3800 impetrandae,
572 3730 601 3781 et
620 3724 644 3780 si
665 3722 840 3799 dispensatio
865 3721 947 3780 facile
970 3721 1064 3793 detur,
1082 3720 1206 3798 pluribus

122 3825 253 3882 videntur
266 3843 329 3881 eam
350 3822 454 3880 habere
474 3823 549 3880 vim:
572 3821 622 3879 sed
641 3823 735 3880 verius
758 3842 792 3879 ea
814 3832 918 3890 carent,
933 3813 1023 3893 quum
1046 3821 1096 3879 lex
1120 3819 1208 3878 adhue

122 3923 230 3981 obstet:
245 3923 371 4000 obligant
384 3932 477 3980 tamen
487 3921 522 3979 ad
535 3921 715 3996 quaerendam
730 3920 981 3998 dispensationem,
992 3920 1017 3975 si
1031 3916 1211 3977 consueverit

122 4022 257 4080 concedi:
279 4041 334 4095 qua
348 4022 494 4098 impetrata
515 4023 572 4079 vim
587 4021 679 4079 statim
693 4022 829 4080 obtinent.
871 4021 916 4081 Ab
938 4019 973 4076 iis
990 4018 1076 4094 igitur
1096 4024 1209 4075 nonest

121 4127 227 4178 temere
241 4120 442 4188 recedendum,
457 4122 611 4197 prasertim
626 4108 690 4179 eum
704 4119 809 4180 damno
830 4119 952 4178 alterius.
996 4116 1209 4176 Promissiones

120 4215 200 4274 factae
215 4218 353 4277 haeretiois
368 4219 402 4276 de
416 4221 523 4294 nuptiis
534 4240 598 4278 oum
613 4221 648 4278 iis
658 4219 789 4278 ineundis
804 4237 860 4278 non
875 4225 941 4276 sunt
956 4214 1210 4292 sponsalia,quum

119 4313 178 4372 sint
192 4315 227 4373 de
242 4335 272 4376 re
287 4317 395 4384 illicita,
410 4327 438 4375 et
458 4335 523 4376 cum
544 4320 735 4394 perversionis
757 4339 814 4377 snae
835 4327 863 4375 et
882 4314 970 4393 prolis
992 4315 1121 4391 periculo
1142 4333 1209 4373 eon·
