2640 4860
444 368 500 430 DE
521 370 806 432 INTENTIONE.

418 827 429 846 ’
527 870 668 931 carun
687 873 729 932 n.

496 1086 537 1126 DE
556 1086 756 1129 mammons.

123 1247 170 1300 11.
192 1244 329 1304 Minister
341 1247 511 1305 sacramenti
524 1245 634 1318 dicitur,
656 1249 705 1321 qni
727 1247 798 1306 illud
819 1247 929 1306 Christi
942 1251 1058 1310 nomine
1071 1251 1169 1310 efficit.

84 1341 223 1416 Pleraque
242 1343 397 1420 specialem
419 1346 540 1422 exigunt
558 1348 588 1405 in
608 1346 769 1405 conserente
793 1348 1002 1416 auctoritatemt
1023 1369 1077 1409 nec
1092 1352 1172 1410 enim

84 1442 234 1519 cujuslibet
255 1451 299 1500 est
318 1441 415 1502 divina
432 1443 527 1521 largiri
547 1444 631 1514 dona,
653 1464 705 1504 suo
725 1447 813 1504 veluti
834 1447 965 1506 arbitrio:
994 1449 1045 1508 sed
1064 1451 1170 1526 baptis·

84 1559 156 1609 mus,
171 1542 209 1599 ob
223 1559 365 1600 summam
385 1544 447 1620 ejus
468 1545 677 1612 necessitatem,
699 1565 715 1602 a
734 1546 862 1619 quolibet
881 1547 1034 1606 ministrari
1053 1557 1167 1626 potest3

84 1641 212 1711 quamvis
235 1659 294 1700 non
313 1639 415 1699 debeat
439 1644 607 1719 plerumque
627 1644 684 1702 nisi
703 1664 720 1702 a
740 1645 827 1702 sacris
848 1646 1003 1704 ministris:
1025 1660 1053 1705 et
1077 1647 1173 1705 matri·

82 1739 212 1797 monium
224 1740 261 1798 ob
275 1739 434 1799 contractus
447 1752 576 1801 naturam
599 1763 616 1801 a
638 1743 821 1815 quibuslibet,
840 1744 904 1820 lege
925 1744 1002 1805 haud
1015 1745 1169 1824 impeditis,

84 1838 130 1910 qui
144 1847 174 1895 et
185 1839 309 1897 ministri
322 1839 468 1916 plerisque
482 1840 624 1910 videntur,
638 1842 733 1901 initur.

122 1941 170 1994 12.
193 1937 239 1996 De
258 1939 415 1999 intentione
437 1941 560 2000 ministri
586 1942 680 2018 gravis
707 1948 751 1998 est
772 1941 973 1998 controversia.
1023 1941 1170 2014 Equidem

82 2035 136 2093 fide
150 2046 263 2095 constat
277 2039 413 2112 “requiri
425 2040 612 2099 intentionem
625 2040 725 2098 saltem
745 2038 866 2096 faciendi
887 2039 964 2112 quod
982 2039 1050 2097 facit
1069 2040 1172 2099 Eccle-

82 2130 172 2192 sia.’'¹
223 2136 375 2203 “Quando
402 2139 511 2213 aliquid
536 2158 568 2197 se
592 2139 679 2198 habet
704 2137 739 2196 ad
764 2137 884 2205 multa,”
912 2138 1111 2198 animadvertit
1136 2140 1169 2196 S.

82 2233 223 2303 Thomas,
239 2243 380 2314 “oportet
392 2238 469 2311 quod
482 2246 535 2315 per'
546 2239 652 2311 aliquid
666 2237 867 2296 determinetur
881 2237 916 2296 ad
929 2257 1029 2306 unum,
1052 2240 1077 2297 si
1098 2238 1170 2298 illud

81 2333 154 2391 effici
168 2333 278 2393 debeat.
320 2336 366 2395 Ea
378 2355 446 2396 vero
464 2356 527 2411 qnae
541 2338 570 2395 in
584 2338 766 2396 sacramentis
787 2345 917 2412 aguntur,
938 2338 1059 2414 possunt
1079 2336 1170 2396 diver·

81 2431 190 2491 simode
205 2433 251 2509 agi
264 2436 339 2493 sicut
351 2436 456 2495 ablutio
477 2455 568 2509 aquae,
592 2455 654 2510 quae
668 2437 700 2493 fit
725 2435 755 2493 in
767 2435 918 2511 baptismo,
934 2447 1029 2513 potest
1045 2436 1170 2496 ordinari

81 2539 108 2588 et
130 2532 166 2591 ad
186 2533 355 2592 munditiam
380 2535 568 2612 corporalem,
594 2543 624 2592 et
643 2535 677 2592 ad
697 2536 847 2592 sanitatem
872 2536 1059 2612 corporalem,
1082 2545 1110 2592 et
1134 2534 1170 2592 ad

81 2628 191 2700 ludum,
214 2640 242 2688 et
259 2631 295 2690 ad
315 2633 403 2691 multa
420 2634 473 2692 alia
485 2633 661 2712 hujusmodi.
703 2634 744 2690 Et
762 2632 828 2690 ideo
851 2643 963 2708 oportet
982 2632 1060 2706 quod
1079 2631 1170 2691 deter-

79 2731 200 2790 minetur
213 2729 249 2787 ad
261 2751 361 2800 uuum,
382 2731 412 2790 id
431 2741 484 2802 est,
506 2733 543 2790 ad
555 2733 787 2791 sacramentalem
802 2731 937 2791 effectum
950 2751 1002 2809 per
1015 2733 1167 2791 intention·

82 2847 125 2888 em
138 2830 289 2889 abluentis.
331 2831 372 2889 Et
383 2830 445 2889 haec
458 2832 577 2890 intentio
598 2833 768 2908 exprimitur
780 2850 831 2907 per
843 2832 938 2899 verba,
959 2850 1022 2903 quaa
1035 2832 1066 2889 iu
1079 2849 1170 2889 sacra·

83 2931 181 2987 mentis
196 2929 338 2997 dicuntur,
358 2939 426 3006 puta
438 2950 503 2988 cnm
517 2930 601 2987 dicit:
624 2931 710 3006 ‘Ego
725 2940 750 2987 te
764 2929 879 3005 baptizo
893 2930 923 2985 in
935 2930 1052 2987 nomine
1065 2930 1169 2997 Patris,

83 3025 176 3086 etc.”²
217 3029 351 3086 Attamen
370 3046 487 3087 necesse
503 3048 562 3087 non
583 3037 636 3096 est,
657 3036 687 3085 nt
699 3028 763 3099 quis
783 3027 853 3085 velit
866 3036 1042 3085 sacramento
1055 3027 1170 3085 confici·

83 3126 154 3186 endo
179 3128 321 3204 impertiri
345 3129 474 3203 gratiam,
500 3147 566 3187 nam
593 3127 676 3195 valet,
706 3127 791 3203 juxta
817 3136 984 3202 perpetuam
1011 3126 1169 3186 doctrinam

84 3225 232 3295 Ecclesiae,
246 3226 404 3303 baptismus
419 3227 454 3284 ab
466 3227 608 3285 haereticis
622 3226 750 3293 collatus,
773 3234 883 3284 servata
897 3227 1015 3284 materia
1028 3234 1057 3283 et
1068 3226 1167 3294 forma,

83 3325 148 3383 licet
160 3325 289 3402 plerique
303 3343 340 3383 ex
353 3327 424 3403 ipsis
439 3344 497 3385 non
510 3326 628 3384 credant
639 3326 756 3402 gratiam
771 3334 948 3383 sacramento
961 3325 1099 3384 conferri:
1115 3343 1169 3382 nec

83 3426 233 3499 requiritur
252 3434 285 3483 ut
303 3425 392 3483 velint
410 3423 503 3483 facere
525 3424 603 3499 quod
623 3423 757 3482 Ecclesia
770 3423 921 3482 Catholica
939 3425 1016 3492 facit,
1038 3424 1168 3497 quamvis

82 3522 141 3583 lraec
155 3525 192 3582 sit
205 3524 267 3582 sola
280 3523 391 3583 Christi
403 3543 520 3601 sponsa,
535 3543 620 3599 quam
633 3524 689 3600 ipsi
703 3542 760 3581 non
774 3531 949 3600 agnoscunt3
967 3522 1019 3580 sed
1032 3523 1102 3580 satis
1115 3532 1168 3588 est,

83 3633 112 3681 ut
123 3623 153 3682 id
167 3623 223 3681 sibi
236 3632 398 3701 proponant
410 3623 582 3692 laciendum,
596 3621 673 3695 quod
692 3623 722 3680 in
739 3623 873 3681 Ecclesia
893 3622 934 3690 lit,
954 3623 1027 3699 ipsis
1041 3622 1112 3679 sorte
1131 3619 1169 3678 de

82 3741 148 3781 vera
172 3723 307 3781 Ecclesia
338 3722 380 3781 nil
412 3723 610 3799 cogitantibus.
657 3722 706 3778 Sic
741 3721 870 3779 delinivit
898 3721 969 3778 Pius
1004 3721 1043 3776 V.
1069 3735 1167 3774 verum

84 3839 145 3880 esse
167 3823 320 3899 baptisma,
345 3840 403 3895 quo
416 3829 560 3880 uterentur
585 3820 761 3887 Calvinistae,
775 3840 840 3878 cum
863 3820 1018 3876 intentione
1039 3814 1168 3892 generali

84 3921 204 3980 faciendi
213 3921 290 3994 quod
299 3919 432 3979 Christus
441 3920 570 3989 instituit;
579 3929 608 3978 et
615 3918 680 3977 ideo
690 3919 845 3994 baptizatos
856 3916 889 3973 ab
899 3916 969 3990 ipsis
977 3932 1035 3971 non
1044 3931 1109 3970 esse
1116 3913 1167 3971 ite-

83 4038 144 4078 mm
153 4019 339 4098 baptizandos
353 4020 406 4082 snb
420 4013 608 4088 conditione,³
620 4019 688 4077 licet
698 4016 860 4076 Ecclesiam
870 4012 1038 4072 catholicam
1050 4031 1166 4090 prorsus

118 4243 160 4309 (l)
180 4241 258 4294 Cone.
270 4238 584 4290 Tridsessviiiiamxi.
662 4236 704 4301 (2)
723 4229 1023 4296 iii.p.qu.lxiv.artriii.
1058 4228 1133 4297 neap.

274 4327 316 4392 (3)
336 4325 412 4374 Cone.
423 4323 518 4373 Ebroic.
530 4323 595 4393 opud
605 4319 698 4370 Bened.
707 4318 757 4368 xiv.
768 4317 784 4368 l.
795 4317 836 4366 vii.
848 4332 869 4367 c.
880 4315 913 4365 vi.
923 4331 949 4364 n.
960 4318 984 4366 9,
