2640 4860
109 353 151 409 20
268 345 325 407 DE
347 343 624 407 RECEPTIONE
646 342 1044 406 SACRAMENTORUM.

553 866 696 927 CAPUT
716 867 754 924 V.

385 1083 425 1125 DE
446 1083 635 1125 uncnmoun
655 1081 925 1124 SAGRAHENTORUH.

151 1251 201 1306 39.
223 1244 266 1304 Ut
278 1243 372 1303 valide
385 1244 576 1320 suscipiantur
589 1262 606 1300 a
618 1244 745 1320 parvulis
758 1252 945 1312 sacramenta,
960 1242 1040 1302 nulla
1051 1244 1202 1317 requiritur

111 1347 230 1406 intentio
242 1345 289 1403 vel
302 1342 462 1419 dispositio,
475 1344 518 1401 uti
528 1362 566 1401 ex
579 1343 720 1401 Ecclesia
740 1341 890 1401 traditione
903 1350 1032 1400 constat:
1053 1343 1203 1403 consuevit

111 1447 220 1504 scilicet
232 1443 389 1520 baptismus
402 1441 554 1501 infantibus
567 1442 733 1501 ministrari.
767 1439 866 1519 Viguit
878 1443 963 1500 etiarn
978 1442 1132 1514 antiquitus
1141 1460 1201 1500 mos

111 1544 356 1603 confirmationem
369 1550 398 1599 et
410 1541 623 1601 Eucharistiam
637 1543 673 1600 iis
687 1540 867 1601 ministrandi
879 1560 887 1609 ;
908 1560 962 1599 nec
982 1539 1075 1599 adhuc
1088 1540 1201 1617 penitus

111 1640 187 1721 apud
201 1640 360 1701 Orientales
371 1639 464 1698 desiit.
506 1641 571 1700 lrno
582 1640 696 1700 ordines
709 1642 789 1719 ipsos
803 1657 899 1698 sacros
913 1638 1067 1699 infantibus
1082 1639 1201 1698 collatos

110 1741 260 1809 valere‚ex
274 1737 360 1798 Bulla
373 1738 457 1800 Inter
471 1740 637 1811 sollicitu33
651 1739 802 1800 Benedicti
814 1730 914 1797 xlv.¹
927 1737 1055 1808 habetur,
1070 1739 1200 1812 quamvis

111 1840 190 1918 optio
222 1841 264 1898 eis
290 1837 382 1909 detur,
413 1849 567 1917 postquam
593 1859 698 1899 annum
725 1839 1021 1898 decimumoctavum
1047 1838 1199 1914 attigerint,

112 1940 272 2000 abstinendi
286 1938 320 1996 ab
333 1939 442 1999 ordinis
456 1939 601 2005 exercitio,
616 1939 694 1995 etita
707 1935 865 2014 effugiendi
878 1954 951 1997 onus
965 1937 1123 1995 coelibatus.

151 2043 201 2098 40.
223 2041 298 2099 Ante
320 2037 494 2113 baptismum
515 2035 626 2093 nullum
646 2034 721 2092 aliud
740 2045 949 2094 sacramentum
970 2036 1079 2112 suscipi
1098 2043 1200 2111 potest,

111 2137 246 2196 estenim
261 2132 509 2193 “fundamentum
532 2143 560 2191 et
576 2135 668 2210 janua
686 2126 919 2210 reliquorum:”²
938 2135 1000 2212 ipse
1022 2146 1118 2194 autem
1136 2135 1202 2210 bap·

111 2235 212 2293 tismus
226 2253 285 2292 non
297 2230 383 2299 valet,
396 2233 422 2290 si
442 2231 554 2290 adultus
575 2233 738 2309 suscipiens
758 2243 859 2293 renuat
880 2252 1054 2292 consensum
1068 2233 1200 2310 praebere,

107 2334 193 2410 juxta
204 2332 275 2391 illud
289 2330 449 2391 iunocentii
461 2332 516 2390 ΙΙΙ.
533 2339 552 2366 “
564 2332 614 2404 qui
624 2350 769 2405 nunquam
782 2333 931 2401 consentit,
946 2332 998 2392 sed
1007 2333 1123 2409 penitus
1136 2351 1201 2390 con·

112 2429 230 2500 tradicit,
245 2449 299 2489 nec
312 2446 384 2498 rem,
398 2448 452 2488 nec
474 2430 663 2488 characterem
686 2433 808 2509 suscipit
820 2424 1041 2490 sacramenti.”³
1081 2431 1200 2505 Requiri

112 2531 231 2609 iusuper
243 2530 279 2589 ad
291 2528 417 2589 valorem
430 2531 598 2588 sacramenti
611 2530 642 2588 in
662 2529 763 2588 adultis
784 2533 829 2589 sui
851 2531 1003 2603 aliquando
1023 2532 1200 2607 compotibus

112 2630 236 2704 aliquam
259 2630 446 2689 intentionem
467 2628 702 2688 communissime
722 2629 826 2688 docent
846 2629 982 2708 theologi,
997 2648 1119 2703 quorum
1139 2649 1202 2688 sen·

113 2732 229 2789 tentiam
242 2729 373 2807 probavit
391 2729 565 2787 Benedictus
578 2721 679 2786 ΧΝ.4
718 2729 877 2797 Actualem‚
898 2729 945 2787 vel
964 2728 1124 2797 virtualem,
1144 2748 1202 2795 uon

112 2846 176 2886 esse
189 2830 392 2896 necessariam,
412 2827 495 2886 docet
513 2827 592 2886 idem
614 2827 758 2896 Pontifex,
777 2829 863 2905 juxta
881 2838 1047 2904 perpetuam
1062 2827 1201 2887 Ecclesiae

111 2927 421 3001 consuetudinemque
431 2928 479 3001 qui
490 2928 625 3005 baptizati
635 2937 702 2985 sunt
714 2927 904 2995 amentes,vel
917 2927 1050 2986 sensibus
1064 2927 1201 2995 destituti,

109 3015 302 3100 nunquam'ad
311 3028 413 3086 iterum
427 3025 642 3104 suscipiendum
654 3027 829 3103 baptismum
844 3027 934 3084 coacti
956 3035 1031 3095 sunt,
1044 3026 1200 3085 dummodo

111 3135 194 3182 autea
212 3125 346 3200 baptismi
368 3124 541 3183 desiderium
560 3125 719 3204 habuerint.
761 3125 811 3182 Sic
831 3126 989 3201 proescribit
1008 3127 1123 3185 Rituale
1144 3126 1202 3184 Ro·

111 3239 245 3280 manum:
268 3229 425 3279 “amentes
439 3231 468 3278 et
489 3222 589 3280 furiosi
608 3240 667 3279 non
680 3223 859 3299 baptizentur
872 3224 929 3282 nisi
942 3223 1011 3282 tales
1025 3246 1042 3283 a
1054 3226 1200 3284 nativitate

111 3320 234 3388 linerint3
250 3361 258 3377 .
274 3361 281 3376 .
297 3360 305 3375 .
320 3318 372 3376 sed
385 3320 411 3376 si
424 3318 548 3377 dilucida
561 3319 684 3378 babeant
695 3321 852 3390 intervalla,
861 3321 928 3381 dum
939 3325 1042 3382 mentis
1053 3333 1200 3401 compotes

111 3428 188 3486 sunt,
203 3417 390 3494 baptizentur,
404 3419 430 3476 si
441 3419 538 3476 velint.
560 3418 593 3475 Si
607 3417 673 3477 verb
687 3428 840 3493 antequam
850 3422 1016 3492 insanirent,
1026 3423 1201 3501 suscipiendi

56 3555 61 3565 f
111 3517 243 3594 baptismi
257 3514 431 3575 desiderium
444 3516 629 3585 ostenderint,
644 3538 677 3576 ac
690 3519 753 3577 vitae
767 3520 924 3596 periculum
944 3522 1101 3592 immineat,
1115 3524 1201 3582 etiam

111 3617 137 3674 si
149 3635 208 3676 uon
222 3617 280 3675 sint
292 3625 441 3694 compotes
455 3618 570 3686 mentis,
584 3612 811 3694 baptizentur.”⁵
850 3620 993 3679 Nonnulli
1006 3622 1089 3680 etiam
1103 3622 1203 3681 dicunt

110 3717 248 3796 baptizari
267 3733 353 3792 posse
372 3735 439 3775 eum
460 3717 509 3789 qui
529 3717 717 3776 intentionem
740 3718 904 3795 explicitam
928 3721 1095 3779 sacramenti
1114 3722 1201 3800 hujus

109 3816 287 3897 suscipiendi
300 3835 447 3891 nunquam
459 3816 567 3886 habuit,
578 3815 732 3876 dummodo
745 3818 926 3895 probabiliter
938 3805 1087 3879 censeatur
1097 3821 1201 3880 babere

148 4023 190 4090 (1)
210 4026 276 4076 Bull.
287 4034 304 4076 t
316 4029 342 4078 ii.
352 4045 377 4093 p.
390 4031 446 4077 128.
716 4028 760 4094 (2)
780 4025 842 4091 Cep.
852 4027 878 4077 ii.
890 4027 919 4080 de
930 4044 1000 4098 cogn.
1011 4029 1073 4096 spir.
1084 4029 1114 4081 r'n
1126 4034 1149 4080 6.

146 4106 189 4174 (3)
209 4109 271 4174 Gap.
282 4112 395 4176 Majores,
406 4113 435 4166 de
447 4112 516 4182 bapt.

150 4191 195 4260 (4)
213 4191 325 4244 instruct.
337 4196 367 4246 de
378 4197 450 4262 Bapt
460 4198 604 4265 incipiente:
623 4197 752 4252 Postremo
763 4215 853 4252 mense.
864 4199 945 4251 Bulla
957 4207 975 4252 t.
985 4200 1011 4251 ii.
1022 4217 1047 4251 n.
1058 4203 1099 4252 46.

149 4278 192 4344 (5)
211 4277 251 4329 De
261 4279 326 4344 bapt
337 4280 411 4330 adult
