2640 4860
170 350 211 405 80
359 341 417 401 DE
438 338 730 400 nucflnnlsrln
750 338 1062 399 MINISTRANDA.

170 507 361 571 confitendum
387 509 517 567 accessit.
560 507 618 574 Qui
644 508 819 566 concubinas
844 507 922 566 domi
948 507 1073 565 retinere
1096 514 1264 572 noscuntur,

170 621 237 669 sunt
249 609 416 686 repellendi,
430 627 489 666 non
502 608 580 666 enirn
591 607 711 683 publicae
720 607 873 675 honestati,
883 615 931 665 aut
943 605 1027 664 saluti
1041 624 1101 664 sure
1115 605 1187 663 satis
1201 623 1266 662 con·

169 710 276 775 sulunt,
291 707 496 767 consuetudine
522 705 660 784 peccandi
679 705 847 775 deserenda,
861 707 919 765 nisi
944 706 1131 765 occasionem
1153 703 1264 763 tollant

170 808 229 875 Qui
241 826 343 865 usuras
364 826 496 866 enormes
516 816 724 865 consucvemnt
742 807 870 883 exigere,
884 816 981 865 contra
999 805 1073 884 legis
1094 806 1227 872 vetitum,
1241 811 1269 860 et

169 907 248 967 nulla
271 906 446 984 suffragante
472 925 568 974 causa,
589 916 765 965 sacramento
785 905 895 983 indigni
921 904 1073 965 manifesto
1101 914 1188 964 sunt:
1217 902 1268 960 sm

170 1025 257 1081 quum
272 1007 309 1065 ob
324 1018 483 1084 temporum
497 1006 684 1064 recentiorum
695 1006 926 1073 consuetudines,
936 1014 963 1062 et
975 1007 1104 1064 locomm
1120 1003 1267 1075 inquibus

170 1125 316 1166 versamur
330 1106 469 1185 adjuncta,
481 1107 600 1178 quaestio
614 1104 649 1162 de
659 1106 754 1163 usuris
767 1106 903 1182 legitimis
917 1105 955 1162 sit
967 1105 1092 1162 maxime
1106 1103 1266 1180 implicata,

171 1225 228 1266 nou
255 1219 299 1265 est
319 1206 400 1265 facile
427 1204 606 1283 repellendus
633 1206 682 1277 qui
706 1205 812 1281 pravia
836 1205 1017 1263 confessione
1039 1203 1159 1272 accedit,
1173 1221 1267 1275 quum

171 1306 331 1365 censendus
345 1307 382 1363 sit
394 1306 562 1364 confessarii
576 1304 689 1362 stetisse
708 1304 837 1382 judicio:
859 1314 887 1362 et
899 1302 1032 1362 sacerdos
1047 1302 1267 1362 Eucharistiam

172 1407 335 1465 ministrans
348 1403 560 1482 dispensatoris,
576 1405 670 1481 potius
684 1423 770 1478 quani
780 1403 896 1480 judicis,
906 1421 1025 1462 munere
1038 1403 1184 1480 fungatur.
1210 1401 1267 1468 Qui

172 1508 258 1583 magi,
273 1505 319 1563 vel
338 1505 465 1581 sortilegi
487 1505 580 1581 palam
604 1513 769 1572 noscuntur,
785 1504 830 1560 vel
849 1503 966 1571 fatidici,
980 1505 1080 1576 utique
1105 1499 1266 1578 repellendi

172 1619 248 1673 sunt,
270 1622 359 1678 quum
384 1606 423 1663 sit
447 1604 510 1662 vitae
538 1622 638 1682 genus,
659 1602 737 1676 quod
763 1603 840 1662 nulla
865 1603 935 1660 ratio
961 1603 1150 1661 cohonestare
1175 1602 1263 1659 valet.

172 1702 350 1779 Blaspherni,
364 1705 414 1777 qui
428 1702 539 1763 Christi
553 1703 671 1763 Domini
684 1701 787 1761 divinoe
808 1702 964 1760 auctoritati
984 1712 1012 1761 et
1024 1702 1093 1760 tidei
1113 1702 1264 1779 mysteriis

171 1802 285 1879 publice
312 1802 504 1872 detraxerunt,
526 1804 641 1863 nonnisi
666 1802 783 1860 humilis
804 1821 837 1860 ao
859 1802 1023 1878 poenitentis
1045 1802 1135 1859 animi
1158 1800 1265 1859 indicia

173 1903 397 1979 praeseserentes,
411 1915 478 1963 sunt
490 1901 671 1962 admittendi:
693 1901 745 1959 sed
765 1902 876 1974 quoties
896 1903 1018 1960 exterior
1038 1901 1167 1977 corporis
1187 1919 1265 1959 com·

173 2003 279 2080 positio
306 2003 431 2060 animum
454 2001 566 2059 denotat
590 2000 738 2069 humilem,
754 2009 848 2076 potest
872 2000 970 2059 haberi
992 2001 1079 2059 veluti
1105 2001 1266 2058 retractatio

174 2120 272 2160 eorum
287 2120 350 2173 quae
365 2102 429 2172 quis
442 2100 649 2158 contumeliose
666 2100 792 2175 protulit.
835 2099 894 2158 Alii
914 2101 1020 2176 publici
1033 2110 1201 2176 peccatores
1215 2101 1266 2172 qui

174 2199 328 2275 praesulum
354 2216 470 2257 suorum
495 2199 629 2256 resistunt
650 2198 783 2275 legitimae
812 2201 981 2268 auctoritati,
1008 2200 1054 2257 vel
1087 2218 1154 2258 cum
1185 2200 1266 2275 gravi

173 2296 332 2355 offensione
346 2294 473 2355 fidelium
487 2297 560 2355 male
574 2316 605 2356 se
619 2306 730 2375 gemnt,
741 2298 853 2376 indigni
866 2309 933 2357 sunt
942 2301 992 2372 qui
1002 2299 1036 2357 ad
1052 2299 1266 2358 Eucharistiam

173 2395 365 2472 excipiantur:
381 2405 513 2455 caeterum
528 2397 765 2471 quandocumque
778 2399 848 2457 ratio
862 2398 975 2476 agendi,
985 2400 1039 2457 etsi
1052 2400 1162 2473 iniqua,
1174 2399 1267 2474 possit

174 2496 323 2554 extenuari
336 2513 373 2553 ex
386 2497 490 2555 mentis
504 2515 609 2566 errore,
623 2497 669 2555 vel
682 2498 777 2571 aliqua
790 2499 845 2556 alia
857 2500 975 2567 ratione,
990 2507 1106 2574 praestat
1118 2499 1264 2557 neminem

174 2595 356 2655 accedentem
381 2597 528 2673 repellere,
552 2597 604 2656 sed
630 2597 687 2655 Dei
713 2607 742 2656 et
767 2597 932 2656 confessarii
959 2599 1120 2671 relinquere
1142 2596 1264 2675 judicio.

175 2696 288 2758 Occulti
302 2705 465 2773 peccatores
474 2716 573 2755 omnes
584 2708 735 2756 censentur
745 2716 866 2770 quorum
875 2697 994 2756 crimina
1006 2718 1066 2757 non
1080 2699 1267 2757 innotuerunt

174 2799 204 2855 in
213 2795 337 2874 judicio,
353 2797 398 2855 vel
411 2797 486 2874 apud
499 2798 652 2874 plerosque
673 2816 730 2856 non
744 2806 809 2856 sunt
822 2797 975 2875 divulgata,
990 2817 1027 2856 ex
1047 2817 1078 2856 re
1099 2797 1171 2856 adeo
1188 2806 1265 2864 nota,

175 2905 205 2956 ut
217 2897 295 2955 nulla
308 2899 402 2973 possit
415 2898 644 2974 tergiversatione
658 2898 752 2956 celari.

214 3001 263 3055 ³8.
298 2996 356 3063 Qui
382 2999 457 3056 bona
476 2999 702 3075 gaudentium,
731 3005 871 3055 ettamen
893 2997 999 3055 larvam
1020 3005 1130 3054 tantum
1151 2996 1265 3073 pietatis

174 3105 285 3172 gerunt,
314 3098 389 3154 intus
415 3098 571 3167 inhonesti,
599 3097 777 3166 fraudulenti,
805 3106 834 3153 et
864 3096 1026 3164 mendaces,
1054 3115 1113 3154 non
1143 3109 1266 3173 possunt

174 3196 359 3271 praetermitti,
377 3214 443 3253 nam
459 3204 534 3255 “nec
556 3196 689 3254 Christus
710 3197 814 3255 Judam
837 3216 854 3253 a
874 3197 1075 3255 communione
1094 3192 1266 3254 removit.”¹

176 3291 283 3358 “Quia
296 3291 463 3359 Christus,’'
477 3297 518 3352 uti
539 3295 737 3354 animadvertit
750 3297 782 3354 S.
798 3296 939 3364 Thomas,
956 3298 1068 3355 “nobis
1082 3294 1182 3353 debuit
1200 3314 1266 3353 esse

175 3390 340 3466 exemplum
351 3391 476 3466 justitiae,
491 3412 549 3451 non
569 3396 755 3453 conveniebat
774 3396 837 3471 ejus
850 3397 1022 3473 magisterio,
1038 3405 1069 3454 ut
1088 3394 1195 3453 Judam
1219 3415 1267 3454 oc·

175 3489 279 3548 cultum
294 3498 482 3565 peccatorem,
492 3493 554 3550 sine
568 3503 766 3553 accusatoreet
778 3495 901 3554 evidenti
910 3497 1086 3573 probatione,
1096 3495 1132 3552 ab
1145 3495 1266 3553 aliorum

175 3589 377 3648 communione
403 3602 557 3666 separaret,
584 3613 619 3651 ne
646 3613 697 3670 per
722 3595 776 3652 hoc
802 3595 915 3654 daretur
940 3597 1107 3672 exemplum
1140 3595 1265 3671 praelatis

176 3691 316 3751 Ecclesiae
337 3690 441 3748 similia
461 3690 595 3760 faciendi,
610 3702 637 3750 et
657 3695 719 3770 ipse
740 3694 758 3751 J
762 3693 831 3752 udas
851 3705 1034 3772 exasperatus
1048 3693 1115 3753 inde
1142 3703 1267 3753 sumeret

176 3794 357 3851 occasionem
372 3791 516 3869 peccandi.
559 3793 600 3850 Et
613 3793 678 3852 ideo
692 3793 844 3852 dicendum
858 3804 911 3864 est,
926 3795 1004 3867 quod
1017 3794 1036 3852 J
1038 3794 1107 3853 udas
1121 3813 1189 3853 curu
1203 3794 1264 3852 aliis

174 3891 324 3972 discipulis
339 3912 442 3970 corpus
450 3893 571 3965 Domini
580 3904 610 3952 et
622 3895 790 3971 sanguinem
804 3889 978 3972 suscepit.”²
998 3892 1143 3969 Equidem
1158 3913 1263 3970 magna
1287 3917 1290 3921 ·

175 3991 249 4051 soret
261 4013 355 4053 rerum
369 3994 509 4063 conlusio,
531 4013 596 4053 cunr
615 3996 693 4071 pacis
707 3995 875 4072 pietatisque
896 3995 1077 4062 detrimento,
1091 3995 1117 4052 si
1131 3992 1263 4052 sacerdos

448 4233 489 4297 (l)
509 4231 571 4296 Gap.
583 4232 611 4282 Si
622 4233 739 4291 sacerdos,
750 4230 780 4282 dc
790 4230 929 4299 offiiojud.
940 4231 992 4284 ord.

449 4319 492 4382 (2)
511 4317 545 4366 iii.
558 4333 582 4382 p.
593 4333 634 4381 qu.
646 4317 723 4367 lxxxi
735 4322 777 4366 art.
789 4315 815 4366 ii.
848 4315 924 4384 Resp-
