2640 4860
380 365 437 425 DE
459 365 634 426 NATURA
654 366 929 429 MATRIMONII.
1140 371 1200 428 295

110 548 189 588 novo
202 541 282 590 reatu
295 539 414 600 tenetur,
428 534 575 592 nonenim
595 535 724 612 suscipit,
739 536 785 594 vei
798 534 976 593 administrat
994 545 1200 595 sacramentum

109 629 191 703 quod
203 631 430 691 contrahentium
444 641 495 691 est.

153 733 203 789 30.
220 730 389 789 Conseusus
398 731 622 790 contrahentium
632 732 773 808 imprimis
784 731 960 790 necessarius
969 733 1095 790 estutsit
1105 732 1201 792 matri·

111 829 254 898 monium,
266 831 315 902 qui
331 830 446 903 quidem
460 830 542 888 debet
553 850 618 889 esse
631 851 715 889 verus
728 841 757 889 et
775 832 912 899 internus,
927 840 1052 899 mutuus,
1065 832 1148 902 liber,
1163 852 1200 892 ex

109 930 201 989 animi
214 928 416 988 deliberatione
431 929 583 1008 profectus,
595 941 622 988 et
642 950 693 1007 per
713 930 798 988 verba
818 930 853 988 de
874 930 1008 1008 praesenti
1027 933 1198 991 enuntiatus.

109 1029 388 1098 “Matrimonium”
399 1030 491 1103 iuquit
499 1029 598 1088 lunoc.
611 1030 678 1098 lll.,
689 1031 740 1087 “in
749 1031 862 1088 veritate
871 1029 1044 1088 contrahitur
1052 1030 1201 1108 perlegiti·

108 1147 191 1186 mum
202 1130 291 1187 viriet
300 1131 426 1188 mulieris
438 1123 658 1188 consensum.’'¹
680 1129 757 1187 Hinc
767 1131 792 1187 si
801 1130 931 1187 alteruter
940 1129 1029 1206 fingat
1037 1148 1069 1186 se
1080 1148 1201 1189 consen·

108 1228 175 1295 tire,
190 1229 296 1302 absque
310 1227 504 1287 consentiendi
518 1229 649 1296 consilio,
665 1248 722 1286 non
735 1230 878 1305 perficitur
897 1229 1119 1296 matrimonium,
1133 1229 1202 1288 licet

109 1328 243 1398 coierint,
258 1330 300 1386 uti
314 1328 383 1386 olim
395 1328 523 1387 decrevit
542 1328 724 1386 innocentius
739 1329 793 1387 iil.
808 1327 843 1386 de
860 1329 976 1387 homine
990 1329 1037 1401 qui
1052 1329 1201 1387 mulierem

108 1425 270 1501 deceperat,
285 1427 377 1485 alieno
392 1428 506 1484 nomine
521 1447 694 1486 consensum
709 1430 869 1495 enuntians,
884 1428 952 1501 quin
968 1429 1064 1486 animo
1078 1447 1199 1489 consen·

111 1525 194 1583 tiret:
218 1525 280 1583 “Si
301 1544 345 1583 res
365 1528 404 1584 ita
423 1545 454 1583 se
475 1526 570 1595 habet,
585 1527 716 1584 videlicet
735 1528 810 1599 quod
831 1528 877 1585 ille
892 1547 955 1585 eam
976 1547 1033 1586 non
1052 1528 1201 1605 proposuit

110 1624 219 1683 ducere
240 1626 269 1683 in
289 1644 420 1693 uxorem,
435 1644 487 1682 nec
506 1645 632 1698 unquam
651 1628 796 1684 consensit
809 1629 837 1685 in
860 1627 1022 1701 praedictam
1036 1646 1199 1705 personam,

111 1742 171 1782 non
187 1723 271 1782 debet
283 1743 320 1783 ex
334 1725 382 1783 illo
396 1725 470 1782 sacto
483 1726 649 1802 conjugium
659 1725 792 1802 judicari,
807 1744 872 1783 cum
886 1727 916 1784 in
930 1746 964 1785 eo
979 1745 1032 1784 nec
1045 1726 1201 1786 substantia

111 1820 272 1900 conjugalis
302 1833 469 1891 contractus,
498 1844 550 1882 nec
578 1824 668 1883 sorma
700 1825 886 1883 contrahendi
912 1826 1076 1902 conjugium
1110 1827 1202 1885 valeat

109 1923 250 1991 inveniri;
272 1924 407 1996 quoniam
427 1941 463 1981 ex
477 1923 562 1982 altera
575 1932 652 1999 parte
666 1922 746 1982 dolus
760 1924 940 1983 solummodo
954 1924 1052 1992 affuit:
1074 1935 1103 1983 et
1112 1925 1202 1984 desuit

110 2023 231 2081 omnino
251 2041 419 2090 consensus,
434 2024 495 2081 sine
507 2042 564 2095 quo
578 2034 678 2081 caetera
691 2034 835 2097 nequeunt
848 2024 938 2082 soedus
953 2024 1088 2101 perficere
1102 2025 1201 2101 conju·

112 2114 226 2198 gale.’'²
266 2121 410 2180 Ceterum
430 2123 460 2180 in
479 2123 541 2181 foro
562 2134 681 2181 externo
701 2142 859 2196 consensus
886 2125 1065 2201 presumitur
1090 2124 1201 2197 quoties

115 2221 328 2280 matrimonium
349 2222 463 2299 publice
477 2223 578 2280 initum
593 2224 639 2290 sit,
655 2241 707 2280 nec
721 2223 870 2282 attenditur
889 2225 1047 2282 alterutrius
1068 2225 1199 2301 negatio:

112 2331 225 2378 tenetur
237 2322 321 2379 etiam
335 2322 366 2379 in
379 2322 553 2380 conscientia
567 2321 701 2398 deceptor
715 2341 843 2398 reparare
858 2324 988 2401 injuriam
1003 2342 1068 2382 vere
1083 2341 1202 2383 consen·

112 2418 221 2487 tiendo,
247 2421 303 2478 nisi
324 2422 492 2497 gravissima
515 2431 635 2480 excuset
656 2441 722 2479 eum
747 2425 829 2491 ratio,
854 2443 890 2480 v:
912 2443 947 2499 g:
969 2423 1047 2496 quod
1070 2423 1201 2501 deceptio

113 2519 238 2596 potnerit
257 2519 338 2577 sacile
359 2521 465 2598 conjici
489 2522 536 2579 vel
557 2521 634 2595 quod
653 2522 755 2579 mulier
775 2522 901 2580 moribus
921 2523 959 2579 sit
977 2522 1142 2589 levioribus,
1156 2520 1202 2578 vel

115 2618 281 2678 conditione
295 2620 354 2677 vili.

151 2723 203 2777 31.
226 2717 394 2777 Consensus
409 2717 443 2776 de
451 2719 595 2796 presenti
608 2738 671 2776 esse
685 2717 777 2786 debet,
792 2726 963 2793 quapropter
974 2718 1131 2793 Gregorius
1145 2717 1201 2776 lx.

113 2819 247 2895 scripsit:
271 2827 289 2853 ‘⁶
300 2818 332 2875 Si
354 2819 426 2875 inter
438 2819 531 2876 virum
551 2828 580 2875 et
592 2818 739 2876 mulierem
754 2817 895 2892 legitimus
909 2835 1067 2875 consensus
1081 2818 1201 2874 interve-

110 2920 172 2976 niat
183 2917 220 2975 de
234 2919 377 2994 praesenti,
389 2919 427 2974 ita
441 2917 519 2990 quod
538 2936 612 2975 unus
626 2919 743 2975 alterum
759 2926 857 2974 mutuo
871 2934 1013 2973 consensu
1027 2916 1120 2973 verbis
1135 2934 1201 2974 con·

113 3019 204 3076 suetis
217 3035 355 3093 expresso
368 3018 497 3092 recipiat,
508 3027 630 3089 utroque
641 3017 769 3075 dicente:
784 3013 857 3092 Ego
871 3021 898 3072 te
912 3014 945 3073 in
958 3033 1056 3074 meam
1069 3015 1200 3093 accipio:

113 3128 152 3185 et,
167 3134 223 3195 ego
237 3123 265 3174 te
278 3116 392 3194 accipio
405 3117 440 3174 in
452 3134 552 3174 meum
560 3138 573 3186 ,·
596 3117 640 3174 vel
653 3117 708 3173 alia
720 3116 804 3173 verba
824 3134 997 3173 consensum
1012 3114 1203 3191 exprimentia

116 3217 151 3274 de
164 3217 309 3292 praesenti,
323 3217 384 3274 sive
407 3216 444 3273 sit
459 3217 653 3292 juramentum
665 3215 873 3291 interpositum,
894 3216 954 3273 sive
968 3235 1043 3283 non:
1065 3214 1204 3273 nonlicet

115 3316 196 3375 alteri
211 3314 245 3372 ad
260 3315 315 3373 alia
327 3326 392 3374 vota
405 3309 572 3373 transire.’'³
635 3298 649 3355 ’Δ

155 3421 207 3474 32.
229 3414 324 3472 Debet
348 3433 412 3472 esse
432 3421 558 3473 mutum
581 3431 751 3481 consensus,
772 3423 816 3471 est
838 3415 915 3473 enim
936 3413 1056 3474 duorum
1071 3425 1204 3492 pactum:

115 3515 237 3589 ideoque
252 3515 300 3587 qui
315 3532 488 3573 consensum
511 3516 589 3590 prius
610 3515 747 3580 enuntiat,
762 3533 820 3573 non
834 3524 943 3572 tenetur
957 3517 1130 3574 matrimonii
1145 3517 1204 3573 vin·

114 3617 191 3683 culo,
207 3615 264 3672 nisi
278 3615 379 3672 mulier
392 3632 564 3672 consensum
579 3614 664 3671 etiam
678 3624 799 3690 praestet.
842 3615 936 3672 Debet
948 3616 1033 3673 simul
1047 3614 1116 3682 dari,
1131 3614 1203 3672 adeo

115 3724 145 3772 ut
167 3713 300 3792 prudenti
317 3710 428 3791 judicio
448 3723 566 3786 uterque
589 3712 691 3770 eodem
714 3722 840 3788 tempore
864 3714 1023 3770 consentire
1037 3721 1200 3770 censeatur:

116 3813 167 3871 sed
188 3814 215 3871 si
235 3814 320 3871 breve
346 3814 383 3870 sit
406 3815 542 3887 temporis
568 3810 757 3878 intervalium,
779 3820 807 3867 et
830 3811 901 3867 alter
920 3820 1019 3886 pergat
1040 3809 1202 3867 consentire
1244 3870 1248 3875 ,

115 3913 222 3981 animo,
237 3931 396 3990 consensus
410 3913 525 3969 alterius
538 3911 605 3969 huic
619 3909 752 3968 accedere
772 3919 801 3965 et
820 3909 956 3984 conjungi
971 3908 1096 3965 videtur:
1118 3926 1201 3965 secus

116 4013 140 4069 si
154 3994 314 4071 consensus
327 4022 474 4070 revocatus
488 4012 526 4069 sit
538 4011 605 4068 dum
619 4011 691 4068 alter'
698 4008 823 4066 differret
832 4026 915 4065 suum
930 4008 1085 4064 enuntiare.

155 4117 205 4169 33.
228 4111 321 4169 Liber
347 4130 506 4170 consensus
530 4111 689 4183 requiritur,
710 4126 773 4166 narn
795 4116 964 4173 contractus,
987 4105 1143 4182 praesertim
1168 4103 1204 4161 de

218 4271 261 4335 (l)
281 4268 343 4332 Gap.
352 4285 411 4318 xxv.
422 4269 451 4320 de
461 4265 628 4335 sponsalibus.
832 4266 874 4330 (2)
894 4262 994 4323 ibidem,
1004 4279 1026 4313 c.
1038 4263 1104 4313 xxvi.

222 4354 265 4421 (³)
285 4352 347 4417 Gap.
357 4352 427 4402 xxxi.
438 4352 467 4404 de
477 4350 643 4419 sponsalibus.
654 4356 678 4399 et
685 4365 737 4415 cap.
748 4348 782 4399 iii.
793 4347 923 4416 desponsa
934 4346 1051 4398 duorum.
