2640 4860
177 376 236 433 m
450 360 509 425 nu
527 362 724 425 mumma
743 361 804 423 ΕΤ
824 360 981 423 1³0an

171 548 218 597 tur
229 535 373 595 iurirmts
384 530 493 599 divina,
513 532 589 590 sicut
605 532 694 593 etiam
714 530 745 589 in
763 529 829 591 aliis
847 531 1045 591 sacramentis.
1087 530 1167 591 Nam
1179 533 1254 623 virtu

170 635 268 697 divina
279 646 334 701 cst,
348 650 413 704 quse
427 632 547 689 interius
560 642 695 708 operatur
706 630 737 689 in
748 631 883 689 omnibus
896 630 1153 691 sacramentalibus
1165 633 1255 710 signis,

170 736 233 794 sire
253 734 313 792 sint
331 751 388 799 res,
408 731 471 789 sive
492 731 586 789 vcrba.
602 772 611 789 .
627 772 635 788 .
650 773 659 790 .
673 731 750 797 Quia
768 740 863 789 tamen
882 730 1020 789 sacerdos
1039 731 1119 791 sieut
1138 733 1256 792 minister

170 834 302 899 absoluit,
315 831 517 890 convenienter
529 830 681 907 apponitur
699 829 807 903 aliquid
829 829 908 904 quod
928 831 1069 907 pertineat
1087 830 1125 890 ad
1144 833 1256 909 primam

83 936 94 953 ‘
171 935 365 993 auctoritatem
387 930 455 998 Dei,
474 929 584 989 scilicet
604 942 636 987 ut
654 929 773 996 dicatur,
795 927 888 1008 ‘Ego
901 928 1076 997 teubsoloo,
1097 929 1257 991 innomine

172 1032 291 1101 Putris,
311 1038 340 1090 et
358 1029 446 1097 suit,
467 1037 495 1089 ct
518 1027 653 1107 Spiritus
677 1028 784 1088 Sancti
790 1029 814 1088 ε’
835 1029 883 1089 rel
903 1048 956 1106 per
968 1030 1103 1089 sirtrutem
1122 1031 1257 1108 passionis

172 1128 332 1193 Christi.”¹
373 1129 481 1188 “Cum
494 1129 581 1186 dicit:
602 1129 669 1205 Ego
682 1137 708 1186 te
723 1129 851 1197 absolvo,
871 1127 996 1188 ostendit
1016 1128 1170 1191 bominem
1183 1131 1256 1189 abso·

172 1234 275 1302 lutum,
302 1250 361 1290 non
381 1230 474 1288 solum
497 1227 697 1306 significative,
716 1227 770 1286 sed
793 1229 880 1287 etiam
899 1227 1042 1288 effective.
1084 1229 1152 1289 Ncc
1171 1238 1258 1288 umen

63 1338 76 1363 ⁰
171 1333 297 1407 loquitur
309 1330 390 1404 quasi
403 1327 438 1386 de
451 1347 482 1386 re
496 1329 621 1386 incerta:
642 1328 710 1401 quia
721 1328 796 1386 sicut
815 1327 870 1385 alia
890 1338 1070 1387 sacramenta
1089 1347 1174 1388 nouae
1192 1329 1258 1406 legis

172 1433 279 1492 habent
302 1429 337 1489 de
356 1448 388 1486 se
413 1438 522 1486 certum
540 1426 674 1485 effectum
699 1445 737 1485 ex
762 1429 866 1486 virmte
885 1428 1028 1504 passionis
1049 1425 1164 1488 Christi
1190 1427 1259 1508 (licet

172 1533 265 1609 possit
276 1528 409 1607 impediri
431 1547 470 1586 ex
490 1538 568 1604 parte
587 1523 764 1606 recipientis)
778 1528 817 1585 ita
835 1527 921 1586 etiarn
946 1528 976 1585 in
996 1527 1054 1586 hoc
1073 1538 1257 1587 sacramento.

174 1630 260 1691 Unde
273 1630 448 1706 Augustinus
463 1626 533 1686 dicit
545 1628 575 1686 in
600 1627 673 1685 libro
693 1626 729 1684 de
749 1626 913 1685 adulterinis
932 1627 1098 1704 conjugiis:
1123 1628 1212 1687 ‘Non
1223 1639 1260 1686 est

172 1731 273 1806 turpis,
286 1747 340 1786 nec
352 1726 489 1795 difficilis,
511 1737 576 1804 post
589 1736 696 1804 patrata
715 1734 744 1784 et
761 1736 882 1804 purgata
900 1726 1048 1794 adulteria,
1068 1728 1258 1787 reconciliatio

172 1828 308 1905 conjugii,
321 1828 369 1885 ubi
384 1846 435 1906 per
447 1828 542 1886 claves
564 1827 645 1904 regni
664 1826 802 1885 coelorum
821 1845 881 1885 non
902 1825 1043 1885 dubitatur
1055 1826 1120 1886 fieri
1133 1827 1258 1886 remissio

172 1924 405 2007 peccatorum.”²
1110 1915 1121 1922 ¹*

212 2032 242 2086 6.
264 2028 369 2087 Utrum
389 2029 492 2086 verba:
524 2034 570 2082 “a
594 2025 719 2100 peccatis
748 2023 826 2083 tuis”
853 2025 1013 2083 necessama
1032 2025 1091 2084 sint
1116 2035 1149 2083 ut
1175 2026 1259 2084 valeat

171 2126 271 2193 forma,
298 2126 472 2202 disceptatur
498 2124 571 2181 inter
590 2123 756 2200 theologos;
776 2141 897 2196 quorum
916 2133 1036 2198 utraque
1058 2125 1204 2185 sententia
1221 2134 1260 2183 cst

171 2223 341 2300 probabilis3
363 2224 414 2282 sed
429 2224 561 2281 tutiorem
581 2223 665 2294 sequi
684 2240 803 2281 necesse
822 2233 876 2292 est,
898 2241 987 2295 quum
1006 2233 1106 2300 agatur
1119 2224 1155 2283 de
1170 2225 1258 2283 valore

171 2323 352 2380 sacramenti.
394 2323 427 2380 Si
441 2338 599 2398 pronomen
612 2322 805 2391 reanimatur,
825 2322 919 2381 valere
939 2323 1078 2381 formam:
1101 2324 1259 2383 ‘absolvoa

170 2421 294 2500 peccatis
307 2420 386 2491 tuis,’
408 2421 515 2498 plures,
536 2420 800 2497 aliis-negantibus,
820 2421 985 2495 affirmant.¹
1013 2422 1087 2489 Quae
1107 2434 1260 2496 sequuntur

172 2540 275 2580 voces:
298 2529 318 2556 ‘⁴
328 2523 358 2580 in
378 2522 494 2581 nornine
515 2521 619 2589 Patris,
640 2532 669 2578 et
687 2519 766 2588 Filii,
787 2530 816 2578 ct
834 2521 958 2598 Spiritus
972 2521 1105 2591 Sancti,”
1120 2523 1259 2598 plerisque

171 2641 229 2681 non
243 2621 374 2682 videntur
387 2622 571 2689 necessariae3
592 2619 642 2678 sed
662 2620 753 2679 omitti
773 2629 918 2694 nequeunt
930 2621 1037 2693 absque
1052 2621 1149 2698 culpa,
1163 2623 1259 2683 saltem

171 2722 283 2781 veniali.

211 2828 240 2881 7.
262 2822 376 2881 Rituale
389 2823 552 2882 Romanum
565 2819 722 2898 praescribit
735 2819 943 2879 absolutionem
958 2819 1080 2880 dandam
1094 2831 1164 2898 post
1175 2823 1260 2898 poeni·

170 2923 285 2999 tentiam
299 2922 485 3000 adsignatam,
496 2930 524 2978 et
536 2930 718 2998 acceptatam,
732 2919 786 2978 hac
799 2921 942 2997 praecipue
952 2920 1061 2978 forma:

212 3021 388 3081 “Dominus
411 3032 507 3080 noster
526 3020 612 3078 Jesus
633 3019 765 3078 Christus
779 3028 805 3076 te
825 3020 962 3087 absolvat,
983 3026 1012 3076 ct
1030 3037 1085 3095 ego
1099 3021 1260 3079 auctoritate

169 3122 259 3197 ipsius
274 3131 300 3178 te
314 3121 431 3180 absolvo
444 3121 478 3178 ab
491 3121 571 3178 omni
584 3119 699 3178 vinculo
711 3118 1026 3186 excommunicationis,
1040 3119 1259 3197 suspensionis,

172 3221 218 3297 (si
231 3219 382 3296 poenitens
406 3219 448 3278 ait
469 3217 611 3292 clericus)
632 3227 660 3275 et
679 3217 831 3286 interdicti,
852 3218 881 3277 in
903 3226 1040 3292 quantum
1059 3237 1182 3294 possum
1195 3229 1223 3277 et
1235 3229 1261 3277 tu

171 3317 315 3393 indiges.”
350 3316 487 3376 Deinde:
509 3315 657 3392 “Egosste
685 3316 801 3375 absolvo
824 3337 841 3375 a
867 3318 990 3395 peccatis
1010 3317 1066 3376 tuis
1094 3319 1125 3378 in
1145 3319 1260 3378 nomine

171 3415 264 3474 Patris
278 3424 307 3472 et
319 3415 387 3472 Filii
401 3425 430 3472 et
443 3415 567 3490 Spiritus
586 3415 694 3472 Sancti.
735 3416 863 3475 Amen.”

210 3514 394 3574 Praemittitur
412 3513 599 3590 plerumque:
622 3522 641 3549 ‘⁶
651 3514 824 3573 Misereatur
837 3517 878 3575 tui
890 3516 969 3576 etc.”
1011 3515 1259 3595 “Indulgentiam

171 3615 379 3674 absolutionem
403 3613 480 3671 etc.”
523 3612 658 3684 Sequitur
678 3621 771 3672 autem
791 3617 881 3675 oratio
904 3635 967 3690 quae
988 3617 1106 3693 incipit:
1129 3617 1260 3676 “Passio

141 3718 145 3725 ’
173 3715 293 3776 Domini
306 3714 396 3774 nostri
408 3714 426 3772 J
429 3732 480 3772 esu
494 3711 605 3771 Christi
619 3711 696 3770 etc.”
738 3713 773 3772 In
793 3715 972 3775 brevioribus
985 3725 1013 3773 et
1025 3715 1262 3789 frequentioribus

170 3816 397 3877 confessionibus
422 3815 484 3873 haec
512 3814 580 3872 licet
598 3813 738 3872 omittere.
780 3815 916 3875 Periculo
935 3817 1035 3875 mortis
1058 3817 1182 3876 instante
1205 3815 1260 3875 dici

169 3927 281 3992 potest:
304 3916 401 3995 “Ego
414 3926 442 3975 te
455 3915 572 3975 absolvo
586 3913 621 3973 ab
633 3913 766 3972 omnibus
780 3916 909 3974 censuris
924 3924 952 3974 et
964 3915 1087 3993 peccatis
1101 3917 1132 3976 in
1143 3917 1258 3976 nomine

171 4013 266 4076 Patris
279 4015 357 4075 etc.”

208 4119 238 4172 8.
260 4114 460 4174 communiter
473 4115 573 4176 dicnnt
585 4113 711 4191 theologi
725 4131 826 4173 omnes
839 4114 902 4174 illas
916 4133 1028 4191 preces,
1050 4115 1180 4192 exceptis
1200 4133 1260 4173 ver·

273 4340 316 4406 (1)
334 4338 368 4387 iii.
380 4354 405 4403 p.
417 4355 457 4402 qu.
469 4342 563 4394 lxxxiv.
575 4350 618 4393 art.
630 4344 664 4395 iii.
674 4343 705 4394 ad
714 4345 737 4391 3.
919 4345 961 4411 (3)
980 4341 1081 4405 ibidem,
1092 4343 1125 4394 ad
1134 4347 1158 4394 5.
