2640 4860
412 380 469 442 DE
491 381 776 443 INTENTIONE.
1137 387 1157 441 9

68 567 97 606 se
116 549 222 609 nolens
236 548 408 608 sacrificium
423 549 573 619 conficere,
593 549 703 609 videtur
716 550 845 627 pluribus
858 549 1030 609 sacrificium
1044 550 1157 609 confici.

66 648 96 706 S.
111 649 244 708 Thomas
260 648 295 707 de
304 649 462 708 intentione
475 668 564 726 agens
578 648 663 708 dicit:
686 658 705 686 “
714 648 866 709 Circahoc
876 658 920 707 est
932 649 1039 726 duplex
1048 650 1156 726 opinio.

67 747 189 814 Quidam
202 749 281 807 enim
294 748 403 816 dicunt,
418 749 495 821 quod
509 749 664 822 requiritur
682 750 813 808 mentalis
833 749 951 808 intentio
964 750 994 807 in
1007 746 1155 808 ministro:

67 865 126 920 quae
144 850 170 907 si
189 847 264 906 desit
283 866 342 907 non
362 847 507 924 perficitur
526 860 753 907 sacramentum:
775 889 830 906 ...
847 891 854 905 .
870 849 918 906 alii
931 849 1033 907 melius
1047 848 1155 919 dicunt,

67 947 140 1020 quod
154 948 287 1006 minister
306 949 477 1006 sacramenti
491 949 549 1024 agit
561 949 591 1006 in
605 966 728 1024 persona
742 949 827 1006 totius
840 948 992 1018 Ecclesiae,
1012 951 1094 1028 cujus
1111 959 1155 1008 est

66 1048 202 1105 minister.
244 1046 280 1104 In
299 1047 392 1111 verbis
413 1056 507 1104 autem
521 1065 583 1119 quae
605 1047 721 1123 profert,
743 1047 911 1123 exprimitur
923 1048 1040 1106 intentio
1053 1047 1155 1107 Eccle-

67 1146 123 1215 sia,
145 1164 210 1219 quar
230 1144 336 1202 sufficit
356 1144 392 1202 ad
411 1146 614 1222 perfectionem
638 1147 818 1214 sacramenti,
839 1146 896 1204 nisi
915 1148 1086 1205 contrarium
1104 1166 1155 1205 ex-

67 1245 148 1303 terius
169 1244 348 1320 exprimatur
371 1253 449 1320 parte
474 1245 607 1313 ministri,
634 1246 679 1302 vel
705 1246 869 1322 recipientis
896 1243 1155 1306 sacramentum.”¹

67 1341 128 1400 Hac
141 1345 171 1402 in
184 1362 215 1401 re
227 1361 281 1402 nos
294 1343 400 1400 haerere
414 1343 544 1401 fatemur:
560 1343 672 1420 pondus
693 1346 770 1403 enim
788 1345 961 1403 auctoritatis
980 1365 1015 1403 eo
1036 1346 1156 1404 inclinat

68 1453 94 1499 ut
106 1443 249 1501 internum
263 1443 353 1501 animi
365 1442 543 1519 propositum
557 1446 752 1503 necessarium
763 1463 827 1502 esse
841 1444 997 1502 sentiamus
1008 1465 1016 1514 ;
1037 1446 1154 1503 rationis

69 1540 129 1599 verd
155 1549 301 1600 momenta
326 1542 467 1600 contraria
491 1541 632 1601 videntur.
687 1544 866 1602 Gravissime
899 1554 1000 1620 peccat
1024 1545 1156 1603 minister

70 1641 174 1699 interno
188 1641 310 1699 consilio
329 1648 423 1700 actum
444 1642 489 1699 sui
510 1643 660 1701 ministerii
680 1643 809 1701 frustrari
828 1662 976 1716 quaerens:
998 1644 1076 1718 quod
1098 1647 1154 1703 “si

70 1749 173 1798 constet
186 1741 352 1817 quempiam
364 1749 412 1798 aut
423 1741 780 1817 baptismumcontulisse,
795 1754 843 1799 aut
856 1741 933 1800 aliud
946 1753 1155 1804 sacramentum

70 1841 150 1899 exiis
164 1858 227 1912 quae
247 1841 342 1898 iterari
362 1848 518 1914 nequeunt,
541 1840 765 1908 administrasse,
787 1841 867 1897 omni
887 1840 1013 1900 adhibito
1035 1854 1154 1902 externo

69 1939 124 2008 ritu,
145 1939 198 1996 sed
219 1941 376 1998 intentione
395 1949 512 2009 retenta,
536 1951 584 1997 aut
603 1959 668 1999 cum
692 1940 843 1998 deliberata
856 1939 1000 1997 voluntate
1013 1959 1072 1999 non
1085 1941 1154 1999 laci·

71 2038 129 2096 endi
152 2039 231 2112 quod
250 2039 318 2097 facit
336 2040 481 2108 Ecclesia,
502 2047 621 2116 urgente
642 2039 758 2112 quidem
784 2038 964 2106 necessitate,
985 2040 1039 2098 erit
1063 2059 1155 2098 sacra·

70 2147 189 2196 mentum
203 2139 306 2198 iterum
320 2140 374 2197 sub
388 2138 556 2198 conditione
572 2138 795 2215 perficiendum
816 2140 842 2196 si
865 2147 959 2196 tamen
979 2157 1025 2196 res
1045 2158 1155 2198 moram

70 2239 191 2313 patiatur,
207 2238 292 2295 Sedis
306 2239 480 2314 Apostolicae
494 2238 640 2296 oraculum
655 2240 708 2297 erit
720 2234 979 2311 exquirendum.”²

105 2341 152 2395 15.
174 2337 300 2396 Intentio
313 2337 362 2396 illa
374 2340 495 2406 interna,
509 2339 592 2415 cujus
606 2339 806 2396 necessitatem
820 2338 1038 2405 insinuavimus,
1052 2347 1097 2396 est
1109 2340 1155 2398 vel

70 2436 202 2505 actualis,
217 2438 264 2495 vel
276 2436 432 2496 virtualis.
474 2437 602 2496 Actualis
623 2437 725 2496 dicitur
746 2456 811 2510 quae
830 2436 911 2494 adest
930 2438 994 2513 ipso
1014 2439 1152 2514 temporis

70 2546 211 2596 momento
224 2555 282 2609 quo
295 2547 505 2596 sacramentum
525 2537 690 2606 conficitur;
710 2537 838 2595 virtualis
855 2537 984 2604 habetur,
999 2555 1073 2609 quae,
1087 2537 1156 2594 licet

70 2645 125 2694 actu
145 2635 230 2704 desit,
253 2635 353 2694 adesse
374 2634 474 2696 meriti
496 2646 636 2703 censetur,
659 2655 747 2710 quum
769 2655 839 2694 mox
860 2635 1047 2711 precesserit,
1071 2644 1100 2691 et
1122 2635 1153 2693 in

70 2734 164 2793 effectu
178 2754 244 2803 suo,
258 2735 305 2793 vel
317 2737 402 2794 rebus
416 2753 481 2793 cum
495 2754 530 2793 ea
542 2737 703 2813 conjunctis
717 2741 891 2811 permaneat.
921 2732 971 2790 Sic
984 2732 1033 2805 qui
1046 2731 1154 2790 hostias

71 2833 95 2892 in
106 2836 217 2893 ciborio
231 2844 298 2910 post
311 2835 427 2893 calicem
442 2834 539 2911 posuit
552 2835 673 2893 oonsilio
694 2853 742 2891 eas
760 2831 956 2899 consecrandi,
971 2849 1075 2904 easque
1089 2850 1155 2891 cunr

70 2931 154 2992 hostia
167 2934 279 3003 obtulit,
293 2934 442 2993 virtualem
462 2933 650 2992 consecrandi
664 2951 712 2990 eas
725 2932 912 2990 intentionem
932 2930 1037 2987 habere
1058 2947 1156 2987 cense-

70 3042 116 3101 tur,
133 3033 201 3091 licet
220 3032 256 3090 de
275 3034 311 3091 iis
332 3032 399 3092 dum
420 3040 568 3091 consecrat
586 3032 629 3089 nil
653 3031 767 3108 cogitet.
809 3028 949 3087 Virtualis
963 3028 1024 3085 haec
1037 3028 1155 3087 intentio

70 3132 178 3202 sufficit,
193 3151 261 3190 narn
275 3139 351 3189 tanta
370 3143 414 3189 est
433 3132 539 3191 mentis
552 3131 683 3188 humanae
701 3129 849 3187 infirmitas
862 3137 895 3187 ut
907 3127 1023 3186 actualis
1037 3127 1155 3187 intentio

69 3233 113 3290 vix
132 3241 210 3290 certo
231 3230 331 3289 haberi
350 3231 458 3307 possit:
480 3239 656 3307 quapropter
676 3228 810 3287 Christus
833 3227 910 3286 haud
932 3227 1091 3285 censendus
1112 3237 1157 3286 est

70 3346 126 3390 eam
140 3331 284 3407 exegisse,
305 3349 342 3388 ne
362 3330 470 3388 incerta
488 3331 582 3388 forent
600 3339 629 3387 et
651 3330 731 3387 irrita
743 3347 862 3386 munera
875 3335 952 3385 tanta
963 3326 1090 3403 largitate
1104 3344 1156 3403 per

70 3437 243 3489 sacramenta
265 3428 460 3488 concedenda.
504 3426 682 3486 Habitnnlis
703 3415 818 3485 vocatur
839 3448 855 3484 a
876 3427 908 3485 S.
931 3426 1050 3483 Thoma
1073 3444 1159 3499 quam

70 3528 186 3588 dicimus
210 3529 370 3597 virtualem,
392 3529 521 3597 intentio,
549 3536 640 3600 “quae
661 3527 767 3585 sufficit
786 3526 821 3584 ad
843 3525 1045 3603 perlectionem
1066 3544 1157 3582 sacra·

70 3631 171 3696 menti;
193 3636 262 3705 puta
281 3647 347 3686 cunr
368 3627 502 3686 sacerdos
522 3625 632 3684 accedit
644 3625 679 3682 ad
692 3625 905 3703 baptizandum,
926 3623 1049 3682 intendit
1062 3623 1154 3681 facere

67 3727 136 3785 circa
147 3726 351 3803 baptizandum
364 3727 441 3799 quod
454 3726 520 3784 lacit
539 3725 682 3794 Ecclesia,
697 3724 772 3783 unde
794 3725 819 3782 si
839 3733 939 3801 postea
952 3724 982 3781 in
996 3723 1060 3799 ipso
1073 3739 1154 3778 exer·

70 3827 132 3884 citio
157 3835 237 3884 actus
264 3827 397 3902 cogitatio
417 3828 480 3904 ejus
506 3823 542 3881 ad
568 3824 622 3881 alia
644 3826 776 3900 rapiatur,
804 3842 841 3880 ex
863 3823 964 3879 virtute
987 3823 1085 3896 primae
1113 3819 1155 3875 in-

69 3925 196 3983 tentionis
207 3923 350 4000 perficitur
362 3915 620 3983 sacramentum.”³
660 3922 846 3982 Recentiores
858 3929 961 3977 vocant
969 3914 1155 3977 intentionem

68 4021 239 4084 habitualem
260 4041 323 4082 earn
336 4005 406 4098 ‘quae
420 4042 473 4082 nec
493 4032 567 4091 actu,
588 4040 643 4080 nec
655 4023 758 4080 virtute
771 4019 898 4085 habetur,
922 4015 974 4074 sed
986 4034 1024 4075 ex
1037 4033 1156 4076 consue·

304 4183 345 4248 (l)
364 4180 399 4231 iii.
408 4197 432 4245 p.
444 4197 486 4245 qu.
496 4182 554 4231 lxiv.
566 4187 603 4231 art
621 4179 671 4228 viii.
688 4177 719 4227 ad
729 4180 754 4225 2.

305 4267 348 4332 (2)
367 4266 460 4330 Bened.
470 4266 541 4318 XIV.
553 4266 620 4315 lvii
631 4263 661 4314 de
673 4259 779 4330 synodo,
790 4277 813 4311 c.
821 4259 854 4310 iv.
866 4263 889 4323 ς.
901 4260 936 4312 ix.

305 4352 348 4418 (3)
368 4349 402 4401 iii
413 4366 438 4417 p.
448 4366 490 4416 qu.
501 4349 559 4402 lxiv.
571 4355 615 4402 art.
626 4347 675 4400 viii.
686 4346 717 4398 ad
727 4349 751 4397 3.
