2640 4860
138 350 177 404 94
323 344 381 405 DE
402 340 701 403 SUSCEPTIONE
723 342 1043 404 EUOHARISTIAE.

178 514 227 569 ot.
248 512 282 569 Si
295 510 360 583 quis
372 510 472 568 mortis
486 520 563 568 metu
577 519 661 587 cogat
673 509 847 570 sacerdotem
861 529 920 569 non
933 511 1066 589 jejunum
1080 511 1317 577 celebrare„

138 608 524 686 hicexousandusplerisque
533 607 654 678 videtur,
666 628 755 683 quum
763 610 811 669 lex
816 611 923 688 jejunii
930 610 980 667 vix
989 611 1085 687 possit
1094 629 1162 669 cum
1172 612 1315 668 vitm

140 706 305 766 discrimine
319 709 456 786 obligare.

179 810 229 866 63.
251 808 323 875 Quae
334 826 385 884 per
395 807 513 866 modum
522 806 618 865 salivae
628 817 778 865 sumuntur
787 827 845 866 non
853 804 967 866 obstant
975 807 1091 884 jejunio
1105 806 1234 864 naturali.

140 904 173 964 Si
187 906 308 965 lavando
321 925 364 975 os,
380 905 549 983 deglutiatur
561 906 635 963 stilla
648 924 728 979 aquae
743 903 849 983 praeter'
857 906 1055 973 intentionem,
1069 906 1112 964 nil
1126 907 1233 963 obstat:

140 1020 224 1063 secus
237 1006 260 1062 si
269 1005 409 1064 consultis.
432 1014 451 1041 ‘⁶
461 1005 493 1064 Si
503 1005 881 1076 reliquiaeoibiremanentes
890 1006 919 1062 in
930 1022 979 1062 ore
989 1005 1235 1081 transglutiantur,

140 1120 199 1162 non
212 1105 374 1182 impediunt
386 1105 628 1171 communionem,
652 1122 717 1162 oum
731 1123 790 1163 non
804 1103 1036 1181 transglutiuntur
1049 1122 1103 1180 per
1117 1103 1236 1162 modum

141 1202 209 1270 cibi,
219 1203 271 1261 sed
284 1224 335 1282 per
349 1203 464 1262 modum
479 1203 584 1260 salivae.
606 1201 686 1261 Idem
695 1202 846 1263 dicendum
856 1205 881 1261 si
890 1202 1012 1261 lavando
1021 1220 1055 1261 os
1065 1201 1238 1278 deglutiatur

141 1303 217 1360 stilla
231 1323 312 1377 aquae
326 1312 427 1381 praeter
440 1301 657 1360 intentionem.'’
699 1303 744 1360 Ita
763 1302 869 1362 habent
888 1302 1019 1360 Missalis
1033 1301 1162 1360 Romani
1178 1302 1235 1360 Ru-

141 1400 238 1461 bricoe.
259 1401 345 1469 Quod
357 1402 383 1458 si
396 1419 432 1458 ex
444 1400 581 1459 industria
591 1401 790 1477 deglutiantur,
802 1403 897 1478 plures
906 1412 1027 1460 censent
1039 1419 1089 1459 eas
1103 1403 1234 1460 obstare:

143 1511 172 1557 at
195 1518 315 1560 necesse
337 1510 459 1559 nonest
480 1519 528 1557 eas
552 1518 589 1557 ex
610 1499 743 1559 dentibus
764 1501 913 1560 extrahere
932 1499 1096 1576 diligenter,
1111 1520 1149 1559 ne
1162 1500 1233 1559 forte

142 1592 357 1675 deglutiantur.¹

182 1701 231 1755 64.
254 1700 323 1757 Non
337 1699 429 1756 obstat
440 1696 545 1756 humor
557 1717 573 1754 e
587 1699 691 1776 capite,
711 1698 756 1755 vel
777 1698 894 1775 sanguis
917 1716 933 1755 e
956 1699 1075 1756 naribus
1096 1700 1128 1756 in
1141 1717 1175 1757 os
1190 1699 1236 1756 de-

141 1794 246 1864 tinens,
261 1796 311 1856 sed
325 1798 451 1856 obstaret
462 1798 581 1874 sangnis
595 1816 681 1871 quem
704 1798 769 1870 quis
789 1817 826 1856 ex
847 1797 943 1874 digitis
956 1806 1082 1874 sugeret.
1127 1797 1233 1865 Culex,

144 1913 244 1954 musca
266 1898 312 1955 vel
331 1897 407 1955 aliud
421 1897 597 1975 hujusmodi,
619 1898 685 1964 cibi,
709 1905 804 1974 potus,
825 1899 871 1956 vel
894 1897 1045 1955 medicinae
1067 1915 1128 1956 non
1151 1897 1236 1956 habet

143 1996 292 2055 rationem.
334 1997 520 2063 Saccharnm,
544 1996 710 2072 glyoirriza,
731 1996 777 2053 vel
798 1997 867 2069 quid
888 1997 984 2055 simile
1005 1997 1035 2053 in
1055 2015 1106 2054 ore
1129 1996 1236 2069 liques-

143 2112 223 2161 cens,
239 2097 305 2152 siin
320 2093 498 2153 stomachum
520 2104 586 2170 post
605 2093 725 2151 mediam
750 2104 864 2154 noctem
884 2095 1107 2173 transglutiatur,
1122 2096 1179 2155 eibi
1192 2096 1238 2154 vel

143 2203 227 2267 potus
242 2193 328 2250 instar
342 2193 470 2250 habetur.
506 2192 575 2250 Non
589 2193 681 2251 obstat
694 2212 739 2251 res
754 2204 873 2270 gustata,
887 2197 958 2268 quin
971 2194 1155 2271 deglutiatur,
1165 2194 1239 2254 sicut

143 2300 247 2350 matres
261 2290 355 2348 solent
368 2299 466 2366 potum
482 2289 635 2350 infantibus
645 2289 770 2350 dandum
781 2292 940 2370 degustare,
952 2295 999 2352 vel
1012 2301 1032 2331 “
1042 2296 1129 2368 coqui
1143 2296 1238 2355 eibum

143 2402 172 2448 et
185 2396 284 2466 potum
297 2408 384 2467 supra
396 2389 526 2467 linguam
540 2400 651 2468 ponunt
663 2391 756 2451 solum
770 2392 806 2450 ad
820 2394 1007 2471 probandum,
1021 2403 1051 2453 et
1063 2394 1159 2456 statim
1172 2414 1237 2474 pro·

141 2483 294 2567 jiciunt.'’²

182 2593 232 2646 65.
255 2588 363 2647 'sabaei
389 2607 458 2647 usus
486 2607 537 2665 per
558 2608 650 2659 nares,
665 2591 718 2648 etsi
743 2591 814 2649 olirn
836 2595 958 2669 graviter
982 2593 1145 2670 prohibitus
1165 2596 1238 2653 intra
1294 2580 1297 2584 ’

145 2688 284 2762 quasdam
311 2689 457 2757 ecclesias,
479 2690 636 2766 praesertim
657 2691 688 2747 S.
717 2690 805 2758 Petri,
832 2692 869 2749 ob
894 2708 1030 2751 nauseam
1053 2693 1236 2761 adstantium,

140 2788 254 2865 jamdiu
270 2789 397 2856 invaluit,
412 2800 441 2846 et
454 2807 513 2846 non
526 2789 618 2847 obstat
631 2782 854 2858 communioni,⁸
866 2790 1022 2851 dummodo
1042 2796 1107 2866 quis
1122 2813 1160 2851 ex
1174 2811 1239 2869 pro·

146 2889 242 2964 posito
256 2888 284 2946 id
298 2889 328 2946 in
348 2889 528 2946 stomachum
542 2907 600 2946 non
615 2889 741 2966 trajiciat,
757 2891 885 2948 voluntas
906 2893 984 2950 enim
1003 2893 1053 2951 illa
1071 2891 1185 2950 videtur
1206 2892 1238 2951 S.

146 2987 298 3063 Alphonso
312 3006 470 3065 repugnare
485 2988 625 3046 Ecclesiae
641 2985 827 3065 disciplinae.⁴
866 2989 976 3049 Fumns
995 2994 1080 3050 etiam
1094 2992 1186 3050 tabaci
1200 3010 1237 3049 ex

146 3086 352 3144 consuetudine
366 3087 450 3144 licet:
465 3088 560 3162 ipsum
585 3096 676 3145 autern
697 3088 798 3146 folium
818 3089 949 3149 dentibus
969 3089 1115 3160 mandere,
1130 3101 1162 3147 nt
1185 3093 1241 3148 vir·

147 3194 236 3240 tutem
250 3184 395 3258 expuendi
416 3185 552 3260 phlegma
571 3186 606 3242 ad
626 3188 804 3245 stomachum
825 3188 957 3247 immittat
975 3209 1028 3266 per
1048 3208 1165 3257 nervos,
1179 3209 1238 3250 non

146 3279 240 3347 decet,
255 3283 385 3352 quamvis
402 3283 466 3359 lege
480 3300 539 3339 non
558 3283 750 3358 prohibeatur.
792 3287 942 3348 Venialem
961 3298 1054 3347 autem
1077 3290 1191 3365 culpam
1210 3291 1239 3348 in

147 3397 182 3436 ea
196 3380 326 3454 agnoseit
340 3379 372 3434 S.
388 3379 566 3455 Alphonsus,
581 3382 606 3438 si
620 3393 705 3439 causa
719 3381 818 3442 desit⁵

187 3479 236 3534 66.
260 3476 438 3534 “Sententia
463 3479 623 3536 communis
653 3479 746 3549 dccet,
774 3483 892 3542 minime
918 3485 1009 3562 frangi
1030 3487 1186 3564 jejunium,
1214 3486 1238 3542 si

147 3573 267 3634 edantur
276 3593 320 3632 res
336 3577 454 3634 omnino
468 3576 685 3653 indigestibileS,
699 3591 731 3639 ut
743 3591 810 3639 sunt
822 3582 926 3659 capilli,
940 3602 1064 3661 ungues,
1079 3585 1238 3650 metallum,

147 3676 262 3744 vitrum,
276 3675 324 3735 fila
338 3694 374 3734 ex
388 3676 481 3735 serico
502 3685 549 3733 ant
568 3675 641 3744 lana,
656 3681 779 3738 ossicula
792 3681 934 3741 fructuum
954 3683 1071 3742 omnino
1085 3682 1238 3759 depurata:

148 3778 215 3849 quia
235 3778 307 3835 haec
319 3794 373 3836 nec
386 3777 523 3845 nutriunt,
538 3794 591 3834 nec
611 3773 749 3837 rationem
770 3780 875 3838 habent
894 3781 968 3850 eibi;
991 3782 1125 3840 Ecclesia
1144 3793 1247 3841 antem‘

148 3883 255 3935 tantum
276 3877 416 3954 prohibet,
431 3895 467 3935 ne
481 3886 609 3935 sumatur
623 3876 803 3937 Eucharistia
821 3889 887 3956 post
899 3881 1004 3949 cibum,
1023 3890 1070 3940 aut
1083 3890 1195 3958 potum,
1209 3889 1241 3938 ut

148 3984 225 4048 patet
244 3994 281 4034 ex
295 3979 420 4037 concilio
433 3977 576 4037 Toletano
590 3977 674 4037 Vlll.
689 3997 752 4037 can.
767 3978 806 4038 lI.
821 3980 869 4038 ubi
889 3980 1007 4038 dicitur:
1030 3980 1154 4038 ‘Nullus
1174 3988 1242 4058 post

184 4147 227 4214 (t)
247 4151 273 4198 S.
283 4152 358 4216 Alph.
369 4154 384 4202 l.
396 4154 465 4204 vin.
477 4157 535 4204 279.
665 4157 707 4222 (2)
726 4154 1160 4222 Anmninbpsrttitxiiieapdx.
1173 4158 1198 4217 ς.
1210 4157 1234 4204 6.

183 4232 225 4297 (3)
245 4231 337 4283 Bened.
348 4235 418 4285 XIV.
430 4236 460 4286 de
472 4237 580 4301 synodo,
590 4241 607 4289 l.
618 4238 759 4290 vii,0.1xiii,

186 4314 228 4380 (4)
248 4314 274 4363 S.
288 4314 534 4380 Abntvtnsso.
663 4323 706 4388 (b)
725 4319 823 4369 Ibidem.
