2640 4860
276 238 325 319 ἢ
421 355 479 419 ΒΕ
500 353 791 415 nsrntzaums
1108 358 1146 414 41

503 845 645 936 ernon
666 877 704 934 r.
755 938 759 946 ,

468 1090 507 1132 Μ
529 1091 735 1134 smannens.

93 1254 142 1309 al.
165 1251 263 1317 Quum
277 1251 347 1309 alias
360 1251 575 1327 probaverimus
595 1252 716 1316 infantes
736 1251 922 1328 baptizandos
942 1271 1017 1321 esse,
1031 1264 1143 1331 oportet

52 1351 110 1426 jem
123 1350 270 1426 explicare
284 1367 371 1424 quam
384 1359 484 1426 urgeat
495 1352 536 1409 rei
548 1352 713 1410 necessitas.
755 1351 902 1424 Equidem
912 1352 944 1410 S.
954 1350 1105 1430 cypriano
1114 1364 1142 1413 et

58 1450 254 1525 episcoporum
276 1449 399 1508 concilio
419 1450 513 1508 visum
535 1460 589 1518 est,
615 1470 673 1510 non
694 1469 759 1510 esse
779 1451 989 1528 expectandum
1009 1462 1141 1512 octavum
1163 1509 1168 1523 ,

58 1547 140 1616 diem,
154 1547 304 1608 sedetiam
326 1555 345 1582 ‘⁴
356 1549 428 1606 intra
447 1548 605 1608 secundum
626 1549 673 1608 vel
693 1551 806 1609 tertium
826 1550 902 1610 diem
926 1569 983 1624 quo
1001 1553 1060 1611 nati
1076 1561 1142 1611 eunt

59 1640 271 1715 constitutos,”¹
295 1647 342 1705 vel
374 1647 469 1705 statim
495 1668 511 1706 a
536 1649 679 1707 nativitate
703 1650 841 1726 baptizari
866 1668 962 1727 posse.
1005 1650 1141 1711 Plurimis

58 1747 249 1804 sanctionibus
275 1745 445 1805 dioecesanis
471 1747 631 1824 injunctum
657 1757 710 1816 est,
733 1757 764 1805 ut
789 1748 911 1807 infantes
940 1750 1014 1808 intra
1038 1752 1142 1828 viginti

59 1855 176 1918 quatuor
188 1846 273 1904 horas
287 1867 304 1904 a
316 1847 459 1905 nativitate
472 1845 637 1924 baptizandi
650 1846 685 1903 ad
697 1846 846 1906 ecclesiam
860 1846 1052 1917 delementum
1079 1850 1141 1907 aliis

58 1945 125 2004 intra
138 1943 274 2003 triduum.
315 1945 349 2003 In
370 1944 516 2022 plerisque
537 1946 681 2005 foederatis
702 1945 828 2004 Statibns
848 1964 968 2022 magnus
988 1947 1042 2004 hac
1062 1949 1092 2005 in
1111 1964 1143 2004 re

57 2045 201 2122 neglectus
214 2045 368 2120 reperitur;
382 2054 449 2104 sunt
459 2046 535 2104 enim
550 2046 599 2118 qui
612 2046 708 2121 plures
723 2063 837 2104 menses
851 2045 925 2103 elabi
937 2045 1050 2114 sinunt3
1065 2054 1142 2104 ante-

58 2161 138 2215 quam
159 2141 191 2202 id
212 2144 338 2202 muneris
360 2144 505 2221 expleant.
548 2144 643 2204 Grave
665 2146 696 2203 in
715 2164 796 2203 mora
816 2152 965 2221 peccatum
985 2155 1144 2223 agnoscunt

57 2243 191 2319 theologi,
213 2243 325 2314 quoties
351 2242 506 2301 sacerdotis
531 2251 575 2301 est
599 2245 692 2321 copia,
713 2253 742 2302 et
766 2243 860 2302 infans
886 2244 994 2317 absque
1014 2245 1146 2321 periculo·

56 2350 147 2417 potest
159 2340 274 2399 deferri.
317 2340 461 2400 Ceterum
480 2341 585 2402 hiemis
609 2343 699 2420 srigns
713 2344 843 2412 nimium,
858 2343 966 2403 itineris
978 2343 1139 2422 longitudo,

56 2442 140 2517 patris
155 2439 305 2499 acatholici
318 2442 455 2499 contraria
468 2440 609 2510 voluntas,
618 2443 737 2515 aliaeque
750 2443 947 2501 excusationes
957 2462 1034 2520 soepe
1044 2462 1142 2502 occur·

56 2549 133 2598 runt:
156 2537 208 2597 sed
231 2549 376 2616 pastorum
399 2540 550 2599 solicitudo
572 2541 602 2598 in
625 2560 660 2600 eo
683 2541 843 2600 adhibenda
861 2549 949 2600 estut
962 2551 1141 2617 quantocyus

55 2639 224 2697 deferantur.
267 2640 342 2698 Sane
352 2639 501 2716 Eugenius
513 2641 594 2715 Papa
600 2640 629 2698 in
643 2640 767 2699 Decreto
782 2658 833 2716 pro
844 2640 863 2698 J
866 2639 995 2706 acobitis,
1009 2638 1144 2697 admonet

56 2747 143 2797 “non
158 2755 222 2794 esse
235 2756 286 2813 per
306 2736 490 2814 quadraginta
509 2747 556 2796 aut
575 2740 735 2815 octuaginta
757 2739 829 2806 dies,
850 2732 900 2796 'seu
922 2736 998 2796 aliud
1018 2747 1141 2814 tempus,

50 2840 131 2914 juxta
145 2835 334 2909 quorumdam
354 2836 560 2895 observantiam
580 2856 691 2895 sacrum
705 2838 846 2913 baptisma
858 2834 1046 2895 differendum
1058 2857 1066 2904 ;
1088 2836 1140 2894 sed

56 2935 268 3011 quamprimum
287 2934 438 2993 commode
465 2935 528 2992 fieri
553 2942 657 3012 potest,
684 2933 786 2992 debere
812 2934 953 3001 conferri3
986 2936 1025 2992 ita
1047 2944 1143 2993 tamen

55 3033 140 3108 quod,
150 3034 250 3092 mortis
263 3034 430 3092 imminente
438 3034 578 3110 periculo,
592 3052 661 3092 mox
670 3033 732 3091 sine
741 3033 799 3091 ulla
809 3032 944 3092 dilatione
952 3034 1143 3109 baptizentur,

55 3135 139 3192 etiarn
152 3150 204 3210 per
216 3125 371 3192 1ειίοιιιιι.”2
409 3131 544 3206 Plerique
566 3132 694 3209 theologi
714 3132 814 3192 decem
828 3132 873 3191 sel
886 3130 1018 3191 undecim
1032 3132 1142 3192 dierum

57 3251 164 3292 moram
179 3250 294 3309 gravem
308 3225 438 3291 habent³

93 3337 144 3390 22.
166 3331 281 3400 Utrum,
295 3331 330 3390 ad
343 3330 545 3408 baptizandum
559 3331 706 3401 infantem,
720 3331 824 3391 incisio
844 3350 929 3406 quarn
950 3330 1049 3390 dicnnt
1060 3351 1145 3390 coeea·

56 3449 133 3489 ream
148 3430 279 3489 facienda
298 3433 461 3490 necessario
483 3432 530 3499 sit,
551 3431 576 3487 si
596 3449 663 3507 spes
683 3431 760 3489 nulla
780 3431 817 3488 sit
835 3431 945 3509 prolem
965 3431 1060 3492 vivam
1075 3432 1144 3490 elias

57 3528 207 3598 educendi,
228 3530 376 3602 inquirunt
396 3529 532 3606 theologi.
573 3528 712 3588 Audiatur
725 3530 757 3588 S.
772 3531 959 3607 Alphonsus:
981 3531 1071 3590 “Hic
1084 3550 1145 3590 om·

57 3631 125 3688 nino
147 3638 218 3706 puto
238 3628 489 3706 distinguendum:
511 3647 578 3687 nam
599 3639 731 3706 respectu
752 3629 788 3688 ad
808 3630 984 3708 chirurgnm,
998 3629 1064 3689 dico
1077 3639 1144 3687 tunc

58 3746 121 3786 eum
135 3746 223 3805 posse
236 3728 361 3787 incidere
374 3738 503 3797 matrem,
518 3729 544 3786 si
566 3729 723 3804 perieulum
742 3730 841 3788 mortis
855 3729 931 3787 illius
945 3729 982 3785 sit
994 3736 1145 3793 remotum,

58 3845 139 3885 secus
153 3829 180 3885 si
193 3829 369 3904 proximum,
385 3835 432 3886 aut
443 3827 606 3904 probabiles
627 3828 703 3887 aient
721 3828 799 3887 enirn
819 3827 949 3885 illicitum
963 3834 1006 3881 est
1017 3823 1146 3883 occidere

60 3935 189 3994 matrem,
198 3935 230 3985 nt
246 3945 317 4003 pner
329 3927 538 4004 baptizetur‚²nt
548 3924 673 3986 vidimus
684 3914 751 3987 eltnr
764 3926 911 3984 communi
923 3942 961 3981 ex
971 3923 1010 3981 D.
1022 3922 1147 3989 Thomu,

59 4026 100 4083 sic
113 4026 198 4085 etiarn
212 4044 270 4085 non
282 4026 351 4084 licet
363 4038 482 4085 matrem
496 4025 636 4102 probabili
648 4024 775 4102 periculo
784 4024 882 4082 mortis
893 4040 1054 4100 exponere:
1070 4023 1145 4096 qnod

96 4226 138 4290 (l)
157 4225 206 4290 Ep.
217 4224 261 4276 lix.
272 4225 303 4276 ad
315 4225 413 4287 Fidum,
422 4225 482 4276 elias
492 4226 508 4276 L
520 4225 554 4276 iii.
565 4241 605 4292 ep.
616 4225 665 4276 viii.
714 4259 721 4273 s
758 4224 801 4291 (2)
820 4223 886 4274 Inter
896 4232 950 4276 eota
961 4223 1038 4275 Cone.
1050 4224 1114 4276 Flor.

428 4312 471 4377 (8)
490 4310 518 4358 8.
530 4310 605 4384 Alpln
617 4311 633 4361 l.
644 4310 676 4359 vt
688 4324 714 4358 n.
729 4312 784 4358 118.

581 4393 628 4447 2*
