2640 4860
181 387 237 445 124
328 364 331 369 '
464 375 522 437 ns
543 373 972 438 M1ssssrrn1cnnnn.

176 542 307 611 munioz¹
327 563 380 624 pro
401 544 437 604 iis
460 554 555 604 autem
573 545 643 604 licet
661 563 742 604 orare
761 544 791 604 iu
804 544 945 604 sacrificio
959 544 1144 616 celebrando,
1158 556 1190 606 ut
1202 547 1256 608 fidei
1305 579 1318 618 n

176 649 275 709 lumen
287 647 439 724 accipiant,
451 653 482 703 et
494 645 624 704 salutem.

219 749 287 806 117.
308 745 342 805 Si
368 746 433 819 quis
453 745 670 820 eleemosynam
696 743 838 821 acceperit
856 754 888 802 ut
909 743 1011 803 offerat
1029 745 1204 807 sacrificium
1218 766 1259 826 pro
1308 778 1318 816 ς

177 846 253 907 felici
268 856 360 924 partu,
373 845 421 903 vel
433 862 463 902 re
477 843 532 903 alia
545 862 609 917 qun
622 844 762 911 imminet,
783 860 842 901 nou
854 844 991 903 satisfacit
1003 845 1185 923 obligationi,
1199 847 1260 906 cele·
1311 877 1318 919 ;.

177 944 285 1005 brando
298 954 364 1021 post
376 944 417 1002 rei
430 955 580 1004 eventum:
602 952 702 1019 peccat
720 941 828 1001 idcirco
847 944 972 1020 graviter
992 943 1082 1003 fidem
1095 944 1229 1015 sallendo,
1240 956 1264 1004 et
1313 975 1318 1009 s

178 1055 289 1105 tenetur
314 1045 462 1103 restituere
487 1044 712 1118 eleemosynam,
739 1041 793 1099 etsi
817 1040 954 1120 deinceps
980 1040 1193 1103 celebraverit.²
1237 1047 1266 1104 Si

124 1164 152 1215 ,a
177 1156 293 1223 tempus
307 1142 466 1204 celebrandi
487 1162 504 1200 a
523 1142 606 1200 dante
626 1141 842 1217 eleemosynam
863 1140 1023 1210 definiatur,
1041 1161 1077 1200 v:
1092 1162 1127 1220 g:
1151 1144 1269 1218 quodam

179 1245 226 1305 die
241 1246 324 1311 sesto,
339 1254 437 1322 peccat
449 1243 498 1315 qui
519 1242 550 1300 in
563 1241 683 1300 alterum
696 1240 774 1299 diem
787 1238 891 1300 differt
934 1243 968 1300 Si
982 1241 1093 1300 nullum
1108 1242 1268 1321 adsignetur
1316 1246 1318 1251 '

178 1356 303 1423 tempus,
316 1362 370 1402 nee
383 1360 428 1400 res
442 1350 548 1418 urgeat,
560 1342 633 1400 intre
644 1320 789 1399 modicum
800 1348 914 1418 tempus
924 1341 1097 1419 obligationi
1110 1343 1271 1403 satisfacere

180 1454 303 1523 oportet,
317 1443 411 1521 gravis
425 1441 503 1500 enim
516 1449 561 1499 est
574 1439 658 1518 eulpa
670 1439 888 1500 celebrationem
908 1439 958 1499 diu
978 1439 1103 1510 differre,
1118 1451 1189 1519 puta
1201 1444 1271 1503 ultra

179 1538 337 1603 mensem.³
377 1540 483 1600 Dilatio
504 1540 613 1599 mensis
633 1539 753 1597 habetur
778 1541 873 1616 gravis
892 1539 923 1597 in
942 1538 1037 1598 Missa
1056 1559 1110 1617 pro
1130 1539 1273 1602 defunctis

180 1642 357 1703 celebranda.
399 1640 541 1699 Voluntas
555 1640 648 1698 dantis
661 1639 878 1715 eleemosynam
897 1656 1013 1717 semper
1025 1639 1201 1700 attendenda
1213 1655 1272 1710 est3

180 1741 332 1815 aliquando
345 1741 423 1799 enim
437 1739 520 1800 datur
532 1741 676 1818 praecipue
696 1738 732 1797 ad
751 1736 980 1798 subveniendum
994 1739 1149 1810 sacerdoti,
1164 1750 1275 1802 etonus

181 1840 342 1902 celebrandi
354 1859 413 1899 non
426 1838 498 1900 adeo
511 1841 605 1899 stricte
614 1840 785 1916 imponitur.

223 1946 291 2000 148.
312 1942 377 2000 Etsi
391 1939 576 2017 eleemosyna
588 1939 652 1998 data
664 1938 777 1999 modica
796 1939 843 2007 sit,
864 1957 951 2012 quam
970 1939 1077 2017 injuste
1091 1940 1203 2000 auferre
1216 1961 1276 2001 non

182 2042 255 2101 soret
268 2041 397 2106 mortale,
411 2050 560 2115 peccatum
580 2049 675 2098 tamen
697 2057 783 2115 grave
804 2037 959 2097 admittitur
979 2039 1074 2097 Missa
1097 2040 1273 2100 omittenda:

182 2143 251 2214 quia
270 2159 305 2198 ea
327 2139 490 2197 conditione
516 2148 561 2196 est
582 2147 707 2214 accepta,
736 2147 769 2195 ut
786 2138 879 2197 Missa
898 2136 1066 2207 celebretur,
1090 2138 1215 2214 ideoque
1237 2158 1276 2199 ex

177 2239 289 2316 justitia
314 2238 450 2313 obligatio
472 2246 615 2295 contracta
634 2245 696 2294 est:
719 2238 813 2313 gravis
834 2245 928 2296 autem
954 2245 999 2295 est
1023 2238 1129 2315 injuria
1149 2238 1276 2312 aliquem

182 2338 283 2397 Missa
298 2336 387 2393 fructu
402 2336 507 2413 injuste
521 2336 640 2413 privare.
682 2336 726 2395 lta
745 2337 832 2394 sentit
850 2336 883 2394 S.
903 2336 1083 2414 Alphonsus,
1108 2338 1159 2412 qui
1179 2347 1275 2398 tamen

181 2445 301 2496 excusat
322 2454 338 2493 a
359 2434 470 2494 mortali
497 2436 546 2510 qni
566 2433 686 2513 negligit
704 2434 847 2494 celebrare
867 2435 992 2495 Missam
1013 2454 1100 2508 quam
1121 2438 1276 2497 liberaliter

182 2538 325 2616 promisit,
338 2535 416 2594 nulla
435 2546 553 2612 accepta
571 2535 769 2611 eleemosyna,
789 2535 856 2608 quia
869 2533 1034 2613 hujusmodi
1048 2537 1204 2613 promissio
1217 2555 1277 2596 non

183 2637 294 2697 videtur
326 2637 448 2714 graviter
480 2636 616 2712 obligare.
660 2633 803 2693 “Omnes
830 2644 924 2692 autem
950 2637 1127 2694 conveniunt
1152 2654 1273 2713 peccare

183 2739 315 2816 graviter,
329 2739 379 2810 qui
399 2737 504 2795 omittit
523 2736 646 2795 Missam
668 2734 790 2793 debitam
812 2752 849 2792 ex
870 2742 948 2802 voto,
972 2744 1021 2793 aut
1040 2745 1183 2812 praecepto
1203 2754 1275 2811 prae·

182 2838 249 2906 lsti3
271 2838 337 2910 quia
350 2855 434 2894 nemo
448 2835 574 2895 dubitare
588 2843 683 2913 potest
695 2834 769 2892 hanc
783 2851 847 2891 esse
861 2834 1008 2892 materiam
1021 2853 1139 2912 gravem
1153 2836 1184 2894 iu
1197 2846 1274 2903 voto,

183 2939 228 2996 vel
242 2928 432 3015 praecepto.”⁴

225 3040 292 3095 149.
315 3036 348 3093 Si
374 3038 439 3109 quis
459 3037 564 3114 exigna
589 3036 743 3113 acceptarit
761 3033 912 3112 stipendia,
940 3035 1000 3092 sive
1021 3035 1057 3092 ab
1077 3052 1147 3103 uno,
1169 3035 1232 3092 sive
1259 3055 1277 3092 a

183 3137 323 3213 pluribus,
337 3137 516 3207 scienterque
530 3154 593 3193 sese
607 3137 736 3213 obligarit
748 3134 783 3194 ad
797 3133 938 3207 quendam
952 3151 1102 3192 numerum
1117 3133 1276 3193 Missauum

184 3233 393 3300 celebrandum,
408 3243 518 3290 tenetur
537 3251 584 3291 eas
607 3235 758 3302 celebrare,
775 3236 858 3311 Juxta
877 3232 1020 3291 decretum
1034 3233 1067 3291 S.
1083 3231 1180 3311 Oong.
1197 3232 1277 3291 Con·

184 3333 252 3399 cilii,
267 3331 466 3389 confirmatum
485 3332 520 3390 ab
541 3331 659 3390 Urbano
673 3331 757 3390 Vlll.
801 3333 861 3391 “S.
877 3331 1073 3410 Congregatio
1086 3334 1140 3391 sub
1153 3333 1276 3392 obtesta-

184 3433 260 3491 tione
274 3430 363 3487 divini
384 3428 487 3505 judicii
501 3429 624 3498 mandat,
644 3440 676 3489 ut
695 3430 823 3489 absolute
838 3440 878 3490 tot
890 3432 989 3489 Missae
1003 3431 1188 3500 celebrentur,
1204 3441 1276 3505 quot

184 3530 220 3590 ad
232 3530 369 3589 rationem
384 3529 521 3586 attribute
535 3527 726 3607 eleemosynae
740 3532 912 3608 praescriptae
926 3530 1063 3590 fuerint.”

226 3634 292 3691 150.
314 3629 402 3688 Pacta
424 3627 459 3686 de
479 3627 580 3687 Missis
602 3627 790 3697 celebrandis,
813 3632 850 3690 ob
866 3631 977 3707 justum
997 3629 1171 3708 stipendium
1190 3631 1276 3708 juxta

185 3729 421 3794 cousuetudinem
437 3729 594 3806 probatam,
608 3729 681 3788 nihil
695 3729 800 3787 habent
813 3748 908 3806 perse
923 3730 994 3797 vitii,
1015 3730 1065 3788 sed
1079 3729 1212 3789 evitanda
1231 3739 1276 3786 cst

184 3834 333 3913 diligenter
345 3830 440 3890 omnis
454 3829 565 3908 species
579 3829 668 3907 turpis
681 3828 763 3888 lucri.
805 3828 839 3886 Si
852 3837 967 3887 testator
980 3829 1128 3903 reliquerit
1135 3830 1274 3907 legatum,

218 4058 261 4122 (1)
281 4054 344 4105 Vide
355 4053 384 4102 P.
395 4052 561 4118 Philippnma
573 4049 732 4102 Carboneano
744 4065 799 4115 app.
810 4048 841 4099 ad
851 4053 919 4099 tract.
936 4047 966 4097 de
977 4047 1058 4098 Eueh.
1074 4047 1185 4097 Antoinc
1206 4050 1230 4107 §-
1241 4047 1274 4098 iv.

180 4152 222 4201 qn.
234 4143 257 4188 5.
444 4144 449 4152 “
764 4139 809 4204 (2)
827 4135 854 4184 S.
865 4133 941 4198 Alph.
953 4134 969 4183 1.
979 4133 1011 4182 vi.
1023 4149 1049 4182 n.
1061 4135 1120 4182 317.

216 4224 259 4289 (3)
278 4220 337 4271 Dec.
350 4221 376 4270 S.
388 4220 468 4283 Gong.
481 4222 558 4272 cono.
573 4227 603 4272 17
615 4223 675 4275 ,lulii
690 4225 761 4284 1655,
773 4221 838 4287 apud
851 4219 943 4270 Benod
952 4217 1023 4269 xlv.
1040 4216 1067 4267 N
1069 4217 1120 4267 otis.
1132 4217 1174 4267 lvi.

214 4304 257 4370 (4)
276 4302 306 4353 1,
318 4304 349 4352 vi.
361 4318 386 4351 n.
398 4304 457 4351 317.
