2640 4860
178 395 219 450 90
367 386 424 447 DE
445 381 744 445 SUSCEPTIONE
765 380 1082 444 EUOHARISTIAE.

177 555 296 615 durant:
319 551 440 626 ideoque
466 569 585 610 neccsse
611 570 669 608 non
694 558 738 608 eet
761 568 813 625 per
836 549 956 628 longum
977 551 1118 628 temporis
1144 551 1282 626 spatium

178 654 316 712 abstinere
343 672 360 710 a
385 652 460 710 cibo.
503 651 677 723 Plerumque
697 647 814 722 quidem
839 668 890 726 per
915 649 1105 722 quadrantem
1129 650 1285 709 abstinere

176 759 304 830 oportet3
316 751 368 809 sed
381 751 406 808 si
416 760 515 828 urgeat
527 768 614 807 causa
626 766 716 820 equa,
732 767 758 804 v:
769 766 811 823 gr:
821 749 845 805 si
859 758 981 825 egrotus
995 747 1127 825 indigeat
1137 749 1216 818 cibo,
1228 749 1277 808 vel

178 852 202 909 si
216 849 337 908 abeundi
351 851 388 908 sit
398 851 563 915 necessitas,
577 848 656 905 nulla
668 857 712 903 est
719 845 803 921 culpa
815 846 922 919 aliquid
931 846 1094 905 comedere.
1140 847 1274 924 Tempus

177 962 272 1008 autem
295 947 410 1022 aliquod
427 948 578 1025 gratiarum
598 946 712 1012 actioni,
733 944 919 1014 meditationi,
942 945 1136 1022 precibusque
1161 947 1272 1022 impen-

177 1048 243 1107 dere
258 1058 379 1126 oportet,
394 1055 425 1104 ut
437 1047 543 1105 fructus
556 1043 768 1103 communionis
790 1044 958 1112 retinentum
979 1043 1077 1103 sedet
1095 1045 1208 1122 sapim
1222 1064 1268 1122 per

178 1147 254 1206 diem
269 1148 388 1225 gretiam
402 1147 485 1204 nobis
499 1144 590 1201 datam
605 1145 634 1201 in
648 1151 773 1200 mentem
785 1136 945 1201 revocare.¹
1007 1168 1010 1173 ·
1059 1178 1062 1183 ·
1099 1172 1133 1203 e·-

220 1250 269 1305 oe.
291 1245 458 1321 Praecipuus
472 1243 662 1301 Eucharistiae
676 1241 793 1299 effectus
807 1254 850 1300 est
862 1242 963 1299 anime
976 1236 1266 1316 nutrimentumque

179 1346 291 1404 scilicet
303 1344 397 1421 gratie
421 1341 575 1419 maj0ribus
595 1340 678 1398 donis
701 1340 812 1416 prolicit
830 1349 860 1398 et
877 1341 1033 1409 roboratur,
1046 1350 1189 1417 ut·opera
1208 1343 1266 1400 vitae

179 1444 284 1504 elicere
305 1451 399 1514 queat,
419 1451 448 1499 et
469 1440 589 1497 salutem
614 1439 750 1516 adipisci:
772 1437 879 1498 “Caro
899 1438 984 1498 mea”
1007 1440 1103 1512 inquit
1125 1438 1267 1508 Christus,

180 1551 200 1579 “
212 1561 278 1601 vere
290 1549 334 1599 est
346 1541 436 1607 cibus,
450 1549 480 1597 et
492 1539 608 1615 sanguis
630 1557 711 1597 meus
726 1556 791 1595 vere
804 1548 849 1596 est
861 1533 995 1615 potus.”²
1036 1546 1056 1574 ‘⁶
1068 1538 1152 1597 Sumi
1175 1551 1266 1598 autem

179 1642 269 1701 voluit
282 1648 488 1697 sacramentum
501 1638 557 1697 hoc
572 1649 715 1711 tamquam
730 1638 906 1715 spiritualem
920 1637 1079 1696 animarum
1092 1639 1201 1706 eibum,
1212 1656 1268 1712 quo

179 1739 288 1798 alantur
300 1748 329 1795 et
341 1737 535 1796 confortentur
548 1739 675 1796 viventes
691 1737 746 1794 vita
759 1737 835 1795 illins
849 1738 899 1809 qni
913 1734 1000 1794 dixit:
1023 1744 1043 1773 ‘⁴
1053 1737 1104 1809 qui
1119 1736 1269 1795 manducat

179 1857 225 1898 me
239 1839 342 1916 etipse
356 1838 431 1896 vivet
444 1846 559 1915 propter
572 1855 618 1895 me
630 1836 650 1893 :’
671 1847 700 1895 et
712 1846 856 1908 tamquam
870 1834 1026 1893 antidotum
1043 1854 1102 1908 quo
1115 1836 1269 1894 liberemur

178 1938 300 2017 sculpis
320 1937 502 2011 quotidianis,
516 1945 574 1994 eta
592 1937 716 2012 peccatis
733 1935 899 1993 mortalibus
919 1928 1177 2012 praeservemur.”³
1217 1933 1269 1993 llla

177 2037 308 2096 liberatio
328 2036 467 2111 contingit
486 2036 521 2092 iis
540 2034 589 2106 qui
608 2052 646 2090 ex
666 2036 762 2093 animo
782 2033 888 2092 deflent
901 2033 999 2110 culpas
1013 2033 1076 2091 illas
1093 2033 1229 2102 leviores,
1242 2042 1271 2090 et

178 2134 305 2193 divinum
329 2132 466 2190 auxilium
492 2131 653 2208 implorant,
675 2132 773 2206 quiet
798 2134 886 2209 gratis
905 2132 1070 2190 muniuntur
1088 2133 1270 2204 quaeritent

176 2232 315 2298 mortalia,
329 2231 355 2287 ei
369 2228 486 2287 Christo
500 2231 575 2287 intus
588 2229 724 2289 habitanti
741 2230 946 2308 obtemperent.
988 2231 1190 2289 “Ambrosius
1203 2230 1271 2288 dicit

176 2331 207 2387 in
219 2328 291 2386 libro
305 2328 339 2385 de
350 2329 545 2395 sacramentis,
555 2327 632 2400 quod
647 2329 699 2387 iste
714 2330 796 2406 panis
810 2329 990 2403 quotidianus
1004 2329 1124 2388 sumitur
1136 2328 1166 2387 in
1180 2347 1271 2388 reme·

176 2426 256 2486 dium
282 2425 455 2500 quotidianae
481 2426 662 2485 infirmitatis.
709 2428 769 2486 Res
795 2439 889 2486 autem
916 2429 1001 2505 hujus
1029 2429 1201 2486 sacramenti
1226 2437 1270 2486 est

176 2527 309 2594 charitas,
324 2544 382 2583 non
402 2527 496 2584 solum
523 2535 657 2599 quantum
682 2527 717 2585 ad
737 2527 873 2594 habitum,
896 2527 947 2585 sed
968 2527 1052 2586 etiam
1073 2536 1214 2599 quantum
1234 2527 1269 2584 ad

177 2637 281 2694 actum,
296 2627 346 2700 qui
366 2627 505 2684 excitatur
517 2626 547 2684 in
560 2625 615 2683 hoc
633 2636 819 2694 sacramento,
838 2645 890 2703 per
907 2644 992 2699 quem
1008 2635 1123 2703 peccata
1144 2626 1272 2684 venialia

177 2728 333 2785 solvuntur.
377 2725 462 2785 Unde
488 2725 670 2783 manifestum
692 2734 745 2792 est,
760 2724 836 2796 quod
861 2725 963 2783 virtute
986 2724 1074 2802 hujus
1096 2726 1270 2782 sacramenti

176 2826 356 2884 remittuntur
381 2834 495 2900 peccata
515 2821 684 2882 venialia.’'⁴
724 2823 821 2881 Poenae
841 2843 957 2897 quoque
978 2823 1111 2882 remissio
1133 2822 1268 2896 quiedam

176 2926 223 3001 pie
234 2925 455 3000 suscipientibus
471 2923 681 2982 Eucharistiam
696 2921 867 2980 conceditur.
903 2922 982 2980 “Ex
995 2924 1023 2980 vi
1037 2920 1153 2995 quidem
1172 2940 1269 2980 sacra·

178 3025 267 3082 menti
280 3024 384 3082 directe
398 3022 482 3080 habet
493 3023 573 3080 illum
584 3021 715 3080 effectum
731 3021 766 3079 ad
780 3041 866 3095 quem
881 3032 926 3080 est
939 3022 1106 3079 institutum.
1139 3019 1211 3078 Non
1225 3031 1271 3079 est

178 3135 271 3179 autem
291 3123 448 3179 institutum
462 3120 496 3178 ad
513 3120 756 3189 satisfaciendum,
771 3121 821 3179 sed
836 3122 870 3179 ad
883 3120 1066 3198 spiritualiter
1082 3118 1269 3178 nutriendum

176 3238 227 3295 per
240 3220 375 3276 unionem
390 3217 424 3274 ad
439 3217 597 3287 Christum,
611 3229 639 3276 et
653 3219 687 3277 ad
701 3220 828 3279 membra
840 3222 921 3298 ejus:
937 3221 1010 3277 sicut
1022 3229 1051 3277 et
1059 3219 1268 3278 nutrimentum

174 3317 270 3374 unitur
295 3317 409 3374 nutrito.
438 3315 497 3372 Sed
519 3318 586 3388 quia
605 3317 667 3374 haec
688 3319 780 3375 unitas
799 3319 832 3377 fit
853 3339 905 3395 per
925 3319 1102 3385 charitatem,
1123 3335 1160 3374 ex
1181 3320 1267 3395 cujus

174 3414 283 3472 fervore
297 3413 400 3484 aliquis
414 3415 600 3486 consequitur
613 3416 812 3475 remissionem
826 3438 884 3477 non
894 3420 989 3477 solum
1002 3417 1103 3495 culpus,
1112 3415 1164 3474 sed
1179 3418 1269 3476 etiam

174 3530 281 3589 poenae:
298 3511 363 3569 inde
378 3511 510 3585 estquod
524 3531 562 3570 ex
582 3518 766 3586 consequenti
780 3536 833 3593 per
851 3519 994 3590 quandam
1010 3516 1266 3577 connomitantiam

174 3612 210 3671 ad
223 3611 410 3690 principalem
426 3610 561 3675 effectum
572 3610 660 3671 homo
669 3617 852 3687 consequitur
865 3616 1065 3677 remissionem
1077 3624 1189 3693 poenae:
1205 3632 1268 3674 non
1288 3630 1291 3635 ’

157 3699 290 3787 'quidem
305 3712 399 3779 totius,
414 3712 464 3768 sed
481 3682 638 3791 seodlldnm
653 3713 768 3772 modum
782 3733 840 3773 suae
863 3715 1025 3775 devotionis
1045 3724 1076 3775 et
1092 3706 1268 3773 fervoris.’'⁸

174 3813 233 3873 Sed
248 3824 275 3873 et
284 3812 394 3892 peccati
408 3810 533 3871 mortalis
548 3814 731 3886 consequitur
744 3814 896 3886 aliquando
907 3816 936 3873 in
951 3823 1129 3874 sacramento
1139 3816 1266 3881 veniam,

174 3915 224 3986 qui
237 3915 342 3987 absque
356 3913 531 3972 conscientia
544 3920 572 3969 et
591 3910 691 3971 affectu
706 3914 781 3972 illius
803 3913 926 3972 accedit:
944 3925 963 3951 ‘⁶
975 3914 1046 3975 forte
1068 3915 1146 3972 enim
1170 3915 1265 3991 primo

209 4069 252 4134 (1)
271 4068 334 4118 Vide
346 4066 372 4117 S.
384 4066 463 4118 Gurol.
476 4068 538 4118 Acta
546 4084 596 4134 par.
606 4068 639 4118 ir.
650 4069 677 4118 in
688 4068 796 4120 instruct.
808 4069 888 4119 Euch.

210 4151 254 4215 (2)
273 4151 344 4200 loen.
355 4152 387 4200 vi.
400 4156 440 4203 56.
777 4157 819 4220 (3)
839 4153 917 4204 Cone.
928 4154 997 4204 Trid.
1009 4155 1074 4203 Sese.
1085 4154 1137 4204 xiii.
1151 4170 1172 4204 c.
1184 4154 1210 4203 ii.

210 4233 253 4297 (t)
272 4234 298 4284 S.
312 4235 402 4284 Thom.
420 4237 454 4286 iii
465 4252 489 4300 p.
500 4254 541 4302 qu.
550 4240 628 4290 lxxix.
639 4246 682 4290 ert.
693 4239 725 4288 iv.
761 4239 838 4305 Κεφ.

211 4316 460 4383 (5)1bidem,art.v.
495 4322 570 4388 Resp.
775 4325 816 4388 (6)
835 4322 1035 4384 Ibidem,art.iii.
1069 4323 1145 4391 Reep.
