2640 4860
337 396 395 456 DE
416 395 596 457 OFFlOIIS
617 396 866 457 CONJUGUM.
1085 401 1144 456 315

50 571 200 636 nequeata
213 563 363 640 proposito
372 565 470 632 averti,
482 566 590 637 absque
601 565 733 642 gravibus
743 563 869 623 dissidiis
880 572 909 622 et
918 564 1041 640 peccatis
1053 583 1061 621 r
1077 572 1145 622 tunc

50 664 129 722 enim
142 662 264 720 reddens
279 671 372 722 actum
385 682 480 740 perse
494 665 646 723 honestum
659 664 734 732 sacit,
744 663 793 736 qui
803 664 883 722 alteri
897 663 1142 739 suacnlpanocot.

51 762 85 821 Si
100 771 200 839 petens
210 763 275 839 jure
289 762 403 839 petendi
417 764 542 840 privatus
556 763 629 823 sitin
640 781 764 839 poenam,
779 781 814 819 v:
829 781 864 839 g:
881 764 1022 830 incestus3
1037 763 1145 839 conjnx

50 881 109 920 non
133 871 244 919 tenetur
255 860 383 929 reddere,
398 881 486 934 quum
504 864 554 939 jus
577 883 640 921 eam
655 863 780 929 eximam
802 861 853 920 sed
880 870 983 937 potest,
1004 880 1070 919 nam
1092 880 1145 920 sno

46 962 114 1038 jure
137 960 254 1038 petendi
267 960 377 1037 privata
399 980 457 1021 non
471 971 524 1030 est,
535 963 656 1035 ideoque
676 961 794 1020 reddere
817 970 920 1038 potest,
935 978 1025 1033 quum
1044 962 1145 1037 petitio

53 1061 144 1120 nimis
159 1061 253 1137 gravis
267 1061 303 1118 sit
316 1060 440 1119 feminae.

93 1163 144 1218 95.
167 1160 201 1219 Si
224 1168 302 1217 actus
328 1161 366 1218 sit
385 1160 532 1218 venialiter
553 1161 655 1229 malus,
675 1162 707 1217 S.
727 1160 895 1236 Alphonsus
915 1159 957 1216 sic
979 1158 1145 1234 distinguit:

55 1268 75 1295 ‘⁶
86 1270 166 1316 actus
180 1265 225 1317 est
237 1258 349 1317 illicitus
360 1279 396 1317 ex
410 1269 487 1335 parte
502 1259 634 1336 petentis,
643 1269 709 1336 puta
722 1260 748 1316 si
762 1267 839 1335 petat
851 1257 888 1316 ob
901 1258 1086 1334 voluptatem,
1101 1257 1148 1315 vel

52 1359 142 1416 alium
156 1357 245 1417 finem
259 1356 357 1415 leviter
370 1359 488 1426 malum,
502 1359 548 1416 vel
560 1357 606 1416 die
621 1376 677 1431 quo
692 1360 752 1417 vult
772 1357 984 1416 Eucharistiam
1004 1357 1147 1433 accipere,

55 1469 125 1514 tunc
138 1466 250 1515 tenetur
261 1455 396 1525 reddere3
412 1458 488 1530 quia,
502 1477 567 1517 curn
582 1469 659 1516 actus
668 1460 706 1516 sit
718 1477 769 1535 per
782 1476 813 1516 se
827 1457 973 1525 honestus,
989 1466 1098 1514 tenetur
1111 1474 1149 1514 ex

50 1557 164 1634 justitia
178 1555 213 1614 ad
227 1555 413 1624 reddendum,
428 1558 539 1615 etiamsi
559 1559 678 1634 exigens
702 1566 803 1635 peccet
823 1557 946 1634 graviter
965 1557 994 1614 in
1014 1554 1148 1632 petendo,

55 1664 87 1713 nt
100 1656 227 1713 diximus
242 1673 271 1713 n.
286 1660 355 1714 944.
377 1657 453 1714 Dub.
472 1660 498 1713 l.
540 1657 573 1714 Si
588 1655 653 1715 verd
668 1669 745 1715 actus
760 1667 805 1715 cst
819 1655 965 1714 venialiter
985 1655 1099 1713 illicitus
1113 1672 1150 1712 ex

57 1767 138 1831 parte
164 1754 255 1831 ipsius
280 1765 368 1823 actus,
384 1774 434 1813 seu
461 1756 582 1830 copulae,
604 1767 636 1813 nt
660 1757 685 1814 si
706 1764 817 1833 petatur
842 1756 897 1812 situ
922 1755 1083 1822 innaturali,
1104 1754 1151 1811 vel
1252 1756 1260 1767 '
1300 1732 1304 1741 ¹

57 1866 186 1930 tempore
213 1857 360 1923 menstrui,
383 1865 432 1912 aut
450 1857 604 1932 puerperii,
630 1867 696 1913 tunc
721 1855 835 1928 qnando
855 1854 935 1911 adest
950 1856 1029 1931 Justa
1054 1871 1149 1922 causa,

57 1962 155 2030 potest
168 1953 285 2026 quidem
299 1954 427 2021 reddere,
442 1974 505 2013 cum
521 1956 653 2026 qualibet
671 1956 750 2032 justa
763 1974 848 2012 causa
868 1962 1016 2011 excuseta
1035 1952 1148 2010 veniali.

57 2052 76 2111 J
78 2064 143 2111 usta
157 2062 250 2113 autern
265 2072 350 2111 causa
363 2056 425 2122 erit,
436 2073 463 2111 v:
480 2075 507 2131 g:
524 2073 559 2111 ne
573 2055 695 2113 incurrat
707 2054 931 2131 indignationem
951 2054 1076 2120 alterins,
1090 2052 1152 2109 sive

58 2170 207 2210 rancorem
221 2152 298 2210 illius
312 2152 522 2224 quodammodo
536 2155 698 2221 notabilem,
710 2165 739 2212 et
748 2173 806 2212 non
817 2155 910 2230 possit
921 2171 987 2212 eum
1001 2150 1152 2210 commode

58 2261 186 2310 avertere
188 2293 279 2310 .....
306 2251 388 2320 Dixi,
405 2260 504 2330 potest
524 2253 654 2322 reddere,
681 2254 733 2313 sed
759 2272 818 2313 non
847 2262 967 2320 tenetur,
993 2253 1062 2326 quia
1085 2251 1153 2310 licet

58 2350 206 2410 vinculum
219 2351 339 2427 justitiae
353 2353 453 2411 lortius
464 2353 501 2410 sit
510 2353 624 2411 vinculo
638 2354 792 2421 charitatis,
807 2363 930 2412 attamen
944 2372 1010 2412 cum
1024 2360 1103 2410 actus
1116 2351 1155 2409 sit

59 2451 109 2509 tali
123 2450 210 2508 modo
224 2469 275 2527 per
287 2470 319 2509 se
340 2451 465 2519 illicitus,
480 2452 550 2509 alter
563 2471 620 2510 non
635 2453 718 2510 habet
726 2454 775 2529 jus
789 2451 825 2510 ad
838 2446 969 2510 illum.'’¹

100 2553 153 2608 96.
175 2549 208 2608 Si
223 2550 311 2609 homo
325 2562 404 2610 extra
417 2571 467 2609 vas
488 2552 677 2609 seminaturus
698 2560 839 2619 noscatur,
853 2560 947 2608 utrum
968 2568 1042 2607 uxor
1062 2549 1154 2624 possit

59 2668 126 2708 eum
147 2650 282 2725 excipere
297 2651 457 2723 inquiritur.
500 2651 645 2723 Equidem
665 2659 776 2707 constat
788 2668 850 2707 eam
864 2668 922 2708 non
936 2666 1022 2724 posse
1037 2646 1066 2704 id
1086 2663 1153 2703 con-

59 2748 131 2816 silii,
146 2767 236 2821 quum
251 2748 446 2807 detestandum
460 2750 506 2816 sit,
521 2750 656 2825 probare:
678 2749 728 2806 sed
742 2756 880 2805 excusant
900 2766 962 2804 eam
977 2746 1073 2822 plures
1087 2762 1154 2801 enm

60 2848 266 2923 excipientem,
281 2848 347 2920 qnia
367 2847 471 2925 copula
493 2847 625 2906 inchoata
647 2866 698 2923 per
718 2866 749 2904 se
768 2848 844 2913 licet,
859 2855 887 2904 et
909 2844 985 2919 quod
1005 2844 1155 2901 seminatio

60 2956 142 3006 extra
161 2947 219 3014 fiat,
233 2947 317 3024 culpa
337 2948 429 3005 aliena
451 2949 599 3025 contingit.
642 2946 787 3004 Caeterum
808 2946 1044 3018 quotiescumque
1065 2941 1157 3019 possit

61 3047 198 3124 precibus
211 3057 241 3104 et
253 3049 370 3105 monitis
382 3066 448 3104 eum
463 3045 598 3104 inducere
612 3057 642 3104 nt
655 3049 762 3104 coitum
772 3043 1032 3122 integrumhabeat,
1046 3040 1157 3099 videtur

62 3147 155 3204 teneri
164 3133 241 3204 t'nec
253 3145 336 3204 sacile
350 3156 502 3204 excusatur
515 3148 540 3204 si
553 3148 616 3222 ipsa
625 3147 731 3218 absque
742 3147 820 3223 gravi
834 3165 919 3203 cansa
927 3152 1005 3220 petat
1017 3141 1155 3207 debitum,

64 3244 181 3319 quando
201 3245 282 3303 novit
303 3263 368 3304 eum
395 3247 435 3304 ita
460 3263 521 3303 rem
543 3246 714 3314 habiturum,
735 3264 801 3303 narn
828 3264 866 3302 ex
886 3244 1022 3304 charitate
1049 3251 1158 3299 tenetur

65 3343 206 3421 impedire
220 3356 368 3421 peccatum
386 3347 455 3402 viri:
478 3345 611 3421 “justam
633 3355 728 3403 autem
748 3364 862 3403 cansam
882 3346 967 3402 habet
992 3340 1118 3419 petendi,
1133 3341 1159 3398 si

64 3445 129 3520 ipsa
148 3453 227 3501 esset
239 3444 269 3501 in
284 3445 410 3520 periculo
424 3445 646 3512 incontinentia,
661 3445 708 3503 vel
721 3447 746 3503 si
768 3445 884 3504 deberet
902 3443 974 3502 alibs
988 3444 1091 3520 privari
1106 3458 1159 3500 suo

61 3544 126 3620 jure
140 3543 258 3620 petendi
272 3544 425 3620 plusquam
439 3543 540 3612 semel,
555 3545 601 3602 vel
621 3546 678 3614 bis,
693 3564 758 3604 cum
780 3558 919 3622 perpetuo
933 3543 1067 3620 scrupulo
1082 3561 1117 3598 an
1132 3540 1159 3597 ei

66 3644 104 3701 sit
116 3643 187 3700 satis
198 3661 284 3719 grave
297 3643 525 3711 incommodum,
539 3645 585 3702 vel
599 3663 646 3713 nc,
661 3664 738 3703 nunc
751 3663 782 3701 se
794 3636 989 3703 continere.”²

107 3745 158 3801 97.
182 3743 252 3801 Non
273 3752 383 3801 tenetur
401 3742 520 3802 reddere
540 3743 663 3801 debitum
678 3744 794 3820 conjugi
808 3744 858 3815 qui
877 3740 987 3798 remisit
1001 3740 1051 3814 jus
1064 3754 1159 3802 snum,

66 3859 101 3899 v:
124 3861 161 3919 g:
184 3841 341 3900 castitatem
356 3843 487 3901 vovendo
500 3861 538 3901 ex
551 3859 693 3900 consensu
707 3851 816 3899 mutuo.
859 3838 944 3907 Quod
954 3838 978 3894 si
988 3838 1027 3894 ita
1040 3851 1160 3893 consen·

66 3942 146 4009 serit,
160 3949 193 3999 ut
212 3960 271 3999 non
284 3942 404 4001 cesserit
415 3961 469 4001 suo
484 3942 553 4019 juri,
568 3951 635 4000 tunc
648 3941 786 3999 instanter
798 3940 905 4015 petenti
918 3935 1029 3995 videtur
1041 3931 1161 3991 redden·

66 4039 147 4109 dum,
169 4059 259 4114 quum
279 4060 331 4120 per
349 4058 381 4099 se
402 4041 545 4109 debeatur,
565 4050 594 4099 et
613 4041 683 4097 alter
702 4057 753 4098 suo
769 4040 835 4117 jure
854 4056 912 4096 non
932 4032 1067 4094 ceciderit
1085 4032 1161 4089 bono

66 4140 221 4201 voluntatis
243 4142 402 4219 proposito.
444 4141 561 4201 Amenti
580 4137 756 4200 reddendum
776 4157 836 4199 non
858 4145 902 4196 est
920 4134 1056 4203 debitum,
1071 4147 1161 4206 quum
1259 4154 1265 4164 ¹

175 4363 219 4429 (¹)
238 4360 269 4411 L·
280 4362 313 4411 Vi·
323 4377 349 4413 ¹1·
362 4363 420 4412 946·
787 4361 830 4427 (2)
848 4355 948 4416 Ibidem,
958 4370 984 4404 n.
995 4354 1053 4402 947.
