2640 4860
112 370 173 425 aot
378 359 436 419 DE
458 360 633 420 NATURA
654 359 932 420 MATRlMONII.

113 528 258 591 individua
270 530 333 586 vitm
347 529 492 595 socictate,
506 529 628 605 proprie
650 528 800 587 voluntatis
821 527 994 586 electionem
1008 538 1039 585 et
1050 527 1195 586 libertatem

112 632 210 708 exigit.
254 626 331 685 ilinc
352 640 446 685 metus
466 629 560 703 gravis
581 628 684 705 injuste
705 629 836 686 incussus
850 629 914 705 ejus
928 627 1022 685 valoti
1037 623 1196 695 obstat,¹uti

114 742 213 807 postea
226 727 416 803 explicabitur
429 727 530 784 insius.

152 834 202 887 at.
224 827 319 885 Debet
331 845 367 885 ex
382 826 469 885 animi
487 825 689 885 deliberatione
709 844 868 885 consensus
882 825 1055 903 procedere,
1070 834 1197 898 quatenus

112 927 174 987 hec
198 927 234 985 ad
260 945 375 1004 gravem
402 926 603 1002 obligationem
629 925 850 985 contrahendam
877 926 1051 998 requiritur:
1074 935 1196 984 caeterum

114 1028 190 1086 valet
203 1044 361 1085 consensus
376 1039 481 1084 temere
491 1022 583 1094 datus,
591 1024 746 1084 dummodo
756 1036 856 1084 natura
862 1034 1025 1085 contractus
1038 1026 1196 1091 innotescat,

114 1138 142 1185 et
154 1127 284 1187 voluntas
304 1144 356 1183 sua
369 1126 495 1184 libertate
509 1135 608 1183 utatur.
650 1126 757 1183 Ebrius
771 1134 876 1192 autem,
891 1126 941 1198 qui
955 1126 1001 1182 sui
1016 1142 1136 1201 compos
1149 1142 1198 1181 non

113 1240 167 1293 cst,
181 1227 280 1299 nequit
299 1224 490 1283 necessarium
504 1233 636 1301 praestare
649 1243 838 1283 consensum:
860 1242 943 1282 secus
958 1225 1009 1297 qui
1032 1225 1198 1297 aliquatenus

114 1327 227 1385 vacillat
242 1325 363 1402 judicio,
384 1325 452 1381 satis
466 1334 560 1382 tamon
580 1324 664 1382 habet
682 1333 864 1401 perspectum
885 1323 963 1397 quod
986 1322 1157 1402 aggreditur,
1173 1332 1197 1379 et

113 1445 165 1484 sua
178 1426 319 1485 voluntate
333 1424 484 1481 consentit.

154 1530 203 1583 ³5.
225 1524 354 1583 Externa
379 1542 539 1582 consensus
565 1522 679 1590 indicia,
693 1524 754 1581 sive
779 1523 885 1590 verbis,
907 1523 969 1581 sive
996 1523 1125 1590 nutibus,
1146 1521 1197 1578 exi·

114 1636 227 1700 guntur,
242 1633 274 1680 ut
295 1622 429 1682 Ecclesia
442 1623 651 1680 matrimonium
672 1633 817 1699 agnoscat,
839 1622 917 1696 quod
940 1624 1006 1699 ipsc
1031 1624 1120 1681 animi
1140 1639 1197 1678 con·

113 1741 200 1780 sensu
214 1733 340 1780 constat:
364 1732 384 1757 ‘⁶
393 1722 444 1780 sed
466 1723 628 1781 necessaria
641 1733 716 1791 sunt,
731 1732 868 1795 quantum
881 1720 917 1779 ad
930 1722 1108 1790 Ecclesiam,
1122 1720 1197 1777 verba

114 1840 287 1881 consensum
307 1824 498 1899 exprimentia
511 1821 546 1880 de
560 1822 702 1899 prasenti.
744 1821 823 1880 Nam
844 1821 923 1879 surdi
946 1833 976 1879 et
994 1823 1070 1878 muti
1088 1828 1197 1898 possunt

114 1921 281 1981 contrahere
296 1923 506 1980 matrimonium
520 1941 570 1999 per
583 1939 753 1979 consensum
768 1931 896 1979 mutuum
910 1921 975 1978 sine
988 1913 1133 1978 verbis.”²
1169 1918 1197 1974 Si

114 2021 210 2097 puella
224 2020 394 2079 verecundia
404 2020 559 2098 praepedita
572 2039 630 2079 non
644 2019 813 2097 respondeat
825 2020 997 2097 presbytero
1011 2018 1195 2096 interroganti,

113 2129 206 2178 utrum
234 2121 302 2177 velit
327 2119 467 2193 quendam
493 2120 523 2176 in
550 2120 681 2178 maritum
706 2119 818 2185 habere,
845 2137 946 2177 manus
974 2121 1132 2196 prensatio,
1157 2116 1196 2173 vel

112 2220 213 2294 capitis
226 2218 372 2275 inclinatio
385 2217 509 2276 sufficiet
521 2217 556 2274 ad
570 2236 746 2277 consensum
760 2217 991 2296 exprimendum.

152 2320 201 2373 36.
224 2317 256 2374 ln
280 2335 364 2374 usum
389 2316 561 2387 matrimonii
574 2316 688 2375 tradunt
704 2336 756 2376 sua
768 2337 885 2394 corpora
898 2318 1117 2386 contrahentes;
1138 2325 1195 2373 atta·

112 2432 179 2473 men
193 2433 311 2473 necesse
324 2434 382 2474 nou
395 2424 481 2474 estut
493 2415 548 2473 sibi
563 2429 724 2494 proponant
731 2419 797 2495 jure
810 2416 876 2475 iude
889 2418 1033 2490 acquisito
1047 2418 1100 2485 uti,
1115 2432 1195 2490 quum

112 2514 240 2574 dominio
251 2515 305 2573 sibi
318 2516 442 2574 invicem
457 2514 557 2574 tradito
570 2526 729 2575 contractus
740 2517 910 2593 perficiatur.
953 2516 1034 2575 Hinc
1048 2518 1081 2574 S.
1093 2516 1112 2574 J
1114 2512 1196 2590 oseph

112 2628 244 2675 censetur
258 2635 323 2674 vere
337 2617 444 2694 conjux
454 2616 592 2692 Virginis,
608 2617 738 2689 quamvis
752 2617 818 2674 huic
829 2617 1010 2693 propositum
1025 2617 1110 2674 fuerit
1122 2635 1137 2671 a
1149 2613 1195 2670 viri

112 2717 316 2775 consuetudine
339 2717 488 2783 abstinere,
509 2718 549 2774 uti
575 2717 664 2789 liquet
683 2735 719 2773 ex
746 2717 807 2793 ejus
835 2714 928 2783 dicto;
951 2715 1134 2782 “Quomodo
1153 2713 1197 2770 liet

112 2815 188 2874 istud
201 2818 337 2890 quoniam
352 2817 443 2874 virum
458 2834 515 2873 non
529 2834 672 2890 cognosco
681 2810 730 2871 l'’³

151 2919 201 2974 37.
232 2917 289 2974 Per
314 2928 527 2992 procuratorem
548 2914 639 2972 valide
665 2914 840 2973 contrahitur
865 2915 1091 2984 matrimonium,
1117 2913 1197 2971 habet

111 3015 188 3072 enim
202 3025 361 3074 contractus
376 3027 513 3073 naturam.
555 3016 754 3073 Procuratoria
766 3032 854 3090 opera
864 3014 994 3072 contrahi
1007 3032 1096 3091 posse
1110 3012 1196 3071 decla·

111 3115 183 3171 ravit
194 3115 360 3173 Bonisacius
371 3115 455 3174 Vlll.
468 3114 623 3172 dummodo
634 3115 758 3190 speciale
771 3115 853 3172 detur
862 3113 1027 3172 mandatum
1038 3133 1046 3180 3
1059 3133 1113 3171 nec
1126 3112 1195 3169 enim

111 3211 216 3270 valeret
229 3215 440 3272 matrimonium
464 3212 498 3269 ab
519 3214 574 3270 alio
597 3223 769 3271 contractum
784 3213 897 3271 alterius
911 3214 1040 3280 nomine,
1055 3215 1104 3286 qui
1118 3229 1196 3290 gene·

110 3309 167 3366 rale
178 3310 303 3368 dedisset
313 3312 474 3369 mandatum
485 3329 603 3369 uxorem
619 3315 644 3371 ei
659 3312 820 3386 quarendi:
838 3321 1036 3387 “procurator
1049 3333 1109 3372 non
1123 3311 1195 3369 aliter

111 3419 241 3466 censetur
255 3409 372 3466 idoneus
387 3410 422 3466 ad
436 3411 647 3470 matrimonium
672 3412 906 3478 contrahendum,
930 3431 1017 3485 quam
1040 3413 1067 3470 si
1089 3411 1195 3470 adhoc

110 3506 274 3565 mandatnm
289 3507 416 3564 habuerit
430 3508 553 3584 speciale
565 3506 612 3564 :”⁴
633 3510 683 3568 sed
698 3532 751 3570 nec
766 3511 848 3580 valet,
863 3513 888 3569 si
902 3521 1078 3588 procurator,
1095 3513 1195 3582 absque

111 3607 227 3684 speciali
249 3608 277 3665 in
301 3606 330 3665 id
349 3608 521 3675 auctoritate,
544 3608 630 3666 alium
652 3609 838 3687 deputaverit,
860 3611 909 3684 qni
932 3611 1096 3668 contrahat:
1119 3609 1162 3668 vel
1174 3609 1196 3664 si

111 3706 235 3766 mandati
248 3707 327 3786 leges
342 3702 559 3785 praetergressus
574 3703 683 3766 suerit⁵
711 3711 796 3778 Quod
809 3713 835 3769 si
847 3709 1011 3769 mandatum
1025 3711 1111 3768 fuerit
1124 3726 1198 3768 revo-

111 3816 204 3867 catum
219 3822 282 3866 ante
297 3817 481 3878 contractum,
504 3809 613 3867 nullum
635 3819 679 3866 est
699 3811 921 3876 matrimonium,
943 3828 1032 3883 quum
1047 3810 1124 3867 desit
1135 3826 1197 3866 con·

110 3923 220 3965 sensus.
244 3917 263 3943 “
273 3910 348 3967 Sane
362 3910 386 3966 si
400 3918 574 3986 procurator,
590 3918 738 3982 antequam
754 3910 936 3976 contraxerit,
956 3908 1106 3968 adomino
1119 3908 1198 3967 suerit

109 4017 268 4075 revocatus,
295 4019 470 4067 contractum
491 4007 674 4086 postmodum
700 4010 911 4068 matrimonium
931 4010 966 4066 ab
992 4008 1096 4067 eodem
1123 4007 1197 4088 (licet

178 4171 220 4235 (l)
240 4171 299 4234 Gap.
315 4173 398 4222 xxviii.
410 4170 615 4240 desponsalibus.
685 4176 728 4240 (2)
748 4174 810 4238 Cap.
822 4190 881 4222 xxv.
895 4171 1100 4239 desponsalibus.

177 4255 219 4320 (3)
238 4254 299 4304 Luc.
311 4257 327 4305 i.
339 4259 379 4305 st.
685 4261 727 4324 (4)
748 4261 808 4323 Cap.
820 4260 864 4308 ult
875 4257 905 4309 de
913 4263 1043 4326 procurat.
1054 4258 1083 4307 in
1097 4261 1120 4307 6.

685 4344 727 4407 (5)
747 4342 776 4391 L.
786 4343 921 4406 Diligenter
932 4343 964 4393 1).
975 4343 1095 4394 Mendati.
