2640 4860
111 376 172 435 πο
485 364 628 427 ciuus
649 365 833 429 UNIOUM.

111 536 179 597 urrs
199 534 307 595 litteras
326 531 523 593 dimissorias:
542 551 603 593 uon
622 534 700 593 enim
720 542 766 593 est
784 542 863 597 mus
878 533 1103 615 jurisdictionis,
1116 555 1196 612 quam

113 635 222 704 dicunt,
235 634 429 693 contentiosae.

152 739 202 792 21.
223 734 340 807 Absque
362 731 481 807 speciali
499 730 630 809 episcopi
652 730 788 791 mandato
806 732 928 791 vicarius
946 734 1090 810 generalis
1105 736 1199 808 nequit

112 835 220 892 litteras
234 830 410 891 dimissorias
429 828 598 898 concedere,
611 832 668 890 nisi
687 830 843 907 episcopus
856 833 894 889 sit
912 840 994 889 extra
1012 824 1196 909 provinciam,

112 931 159 990 vel
172 951 229 990 una
248 931 294 989 vel
307 931 394 988 altera
407 928 483 988 dieta
498 949 517 987 a
527 947 581 987 sua
592 926 710 989 diocesi
722 929 817 987 distet.
862 930 1045 1008 “Episcopo
1059 943 1154 991 autem
1172 933 1197 991 iu

113 1032 231 1089 remotis
255 1039 366 1107 agente,
382 1029 473 1104 ipsius
493 1028 614 1087 vicarius
632 1028 783 1107 generalis,
798 1028 873 1087 Sede
895 1039 1014 1087 vacante
1036 1030 1197 1108 capitulum,

113 1148 163 1188 seu
177 1129 207 1187 id
227 1128 264 1188 ad
283 1147 369 1202 quem
389 1137 455 1185 tunc
480 1127 617 1203 temporis
638 1124 843 1187 administratio
863 1128 1057 1205 spiritualium
1077 1130 1198 1189 noscitur

112 1230 265 1307 pertinere,
284 1226 352 1285 dare
376 1234 499 1303 possunt
521 1226 665 1285 licentiam
691 1223 889 1285 ordinandum
928 1227 1008 1287 Intra
1033 1246 1141 1287 annum
1166 1230 1196 1287 ab

112 1328 243 1407 episcopi
263 1334 354 1387 morte
378 1325 543 1401 capitulum,
564 1324 610 1382 vel
628 1325 762 1383 dioecesis
783 1325 1002 1395 administrator,
1023 1344 1085 1387 non
1110 1337 1198 1405 potest

112 1428 220 1487 litteras
232 1424 409 1487 dimissorias
422 1424 590 1492 concedere,
604 1425 661 1483 nisi
679 1443 725 1483 res
738 1416 861 1501 mgsac⁸

151 1530 202 1585 22.
222 1524 379 1603 Regulares
397 1524 431 1580 ab
451 1525 589 1600 episcopo
601 1523 659 1583 loci
681 1525 711 1583 in
724 1542 782 1598 quo
794 1530 839 1581 est
850 1525 1071 1593 monasterium,
1085 1522 1195 1583 ordines

113 1626 260 1701 suscipere
281 1622 393 1691 debent,
414 1641 468 1680 nec
493 1623 529 1681 ad
554 1622 640 1679 alium
666 1625 840 1700 episcopum
869 1621 977 1681 dimitti
999 1632 1135 1699 possunt,
1152 1623 1200 1683 nisi

112 1724 210 1782 habito
230 1722 393 1781 testimonio
413 1722 509 1780 vicarii
531 1722 673 1798 generalis
693 1721 730 1781 de
754 1720 887 1799 episcopi
905 1723 1048 1791 absentia,
1063 1724 1111 1782 vel
1129 1720 1199 1796 quod

114 1822 317 1882 ordinationem
331 1839 389 1881 non
399 1822 438 1879 sit
448 1820 605 1880 habiturus.

357 2070 453 2148 §.1v.
493 2070 543 2133 Du
562 2088 689 2133 surmus
706 2086 956 2133 osumaunonmr.

148 2260 198 2315 23.
220 2256 341 2314 Vocatio
355 2256 452 2316 divina
464 2257 582 2316 omnino
596 2256 760 2319 necessaria
777 2265 866 2315 estut
885 2254 972 2315 liceat
984 2255 1102 2315 ordines
1116 2258 1198 2315 susci-

111 2373 189 2432 pere,
205 2374 271 2412 uam
294 2355 391 2412 necin
411 2357 497 2414 veteri
511 2356 575 2434 lege
594 2356 766 2433 permissum
789 2364 833 2413 est
851 2364 960 2415 temere
978 2374 1063 2415 saera
1089 2374 1199 2415 munera

111 2472 263 2530 usurpare:
287 2453 382 2511 “Nec
397 2456 547 2528 quisquam
568 2456 655 2514 sumit
673 2454 728 2513 sibi
746 2455 897 2522 honorem,
912 2452 963 2513 sed
983 2455 1033 2528 qui
1056 2464 1199 2513 vocatura

110 2553 175 2611 Deo
190 2562 323 2626 tanquam
346 2555 451 2612 Aaron.
492 2554 542 2612 Sic
555 2563 583 2612 et
597 2553 730 2611 Christus
744 2573 802 2612 non
816 2554 1004 2629 semetipsum
1025 2552 1196 2621 clarificavit,

112 2664 143 2711 ut
157 2653 291 2711 Pontifex
304 2653 392 2721 fieret,
402 2653 510 2726 sedqui
520 2654 654 2726 loquutus
664 2663 708 2711 est
721 2653 755 2710 ad
769 2671 852 2711 eum:
874 2652 966 2711 Filius
981 2672 1063 2710 meus
1079 2671 1111 2710 es
1125 2646 1199 2710 tu.”³

112 2753 229 2811 Monuit
242 2751 345 2810 idcirco
357 2751 489 2811 Christus
499 2753 643 2811 Dominus
657 2752 830 2828 Apostolos:
853 2761 872 2787 “
884 2751 954 2809 Non
970 2770 1022 2809 vos
1038 2771 1086 2810 me
1100 2750 1198 2828 elegis·

112 2852 159 2920 tis,
173 2850 223 2908 sed
236 2869 291 2927 ego
302 2850 375 2928 elegi
391 2848 491 2910 vos.”⁴
531 2852 681 2927 Praecipua
694 2861 787 2910 autem
802 2851 962 2910 vocationis
977 2851 1082 2908 divinae
1098 2849 1199 2908 iudicia

111 2959 177 3008 sunt
189 2950 213 3007 I.
228 2951 349 3009 scientia
362 2951 546 3009 conveniens.
561 2950 601 3009 II.
617 2950 740 3026 probitas
750 2952 823 3008 vitae.
838 2949 893 3007 111.
909 2949 1091 3008 desiderium
1105 2949 1199 3007 salutis

111 3069 169 3108 suae
184 3059 211 3106 et
225 3051 333 3107 alienae.
377 3050 434 3116 Qui
454 3051 484 3107 in
497 3051 687 3108 ministerium
701 3069 732 3108 se
755 3050 856 3125 ingerit
876 3049 984 3121 absque
999 3049 1160 3115 vocatione,
1173 3056 1199 3105 et

110 3168 168 3206 suae
182 3148 303 3216 utilitati,
317 3148 431 3216 honori,
445 3150 491 3207 vel
512 3149 649 3225 voluptati
670 3149 810 3224 precipue
834 3145 961 3214 studens,
977 3147 1072 3224 gravis
1093 3145 1196 3223 peccati

112 3266 177 3305 reus
190 3258 249 3303 est:
273 3246 362 3313 “Qui
381 3249 458 3305 enim
473 3267 503 3305 se
517 3249 630 3326 ingerit,
645 3257 673 3306 et
686 3247 829 3324 propriam
844 3246 963 3322 gloriam
978 3245 1091 3319 quaerit,
1106 3246 1194 3323 gratia

111 3345 168 3403 Dei
187 3346 315 3419 rapinam
329 3345 404 3413 facit,
419 3356 446 3403 et
459 3345 523 3405 ideo
545 3366 603 3406 non
624 3347 728 3423 accipit
748 3345 986 3411 benedictionem,
1000 3344 1054 3402 sed
1073 3343 1195 3402 maledic·

111 3436 268 3501 tionem.”⁵
308 3443 350 3501 lta
370 3446 505 3520 praeclare
526 3447 624 3504 scribit
646 3446 677 3504 S.
705 3444 872 3504 Anselmus.
906 3443 1075 3521 Episcopus
1097 3454 1192 3501 temere

111 3541 244 3602 ordinans
258 3558 308 3598 eos
322 3543 371 3612 qui
385 3542 489 3602 indicia
502 3544 622 3603 caelestis
635 3545 792 3604 vocationis
804 3542 878 3602 haud
889 3542 1088 3619 praeseferunt,
1103 3559 1190 3601 eorum

111 3642 220 3719 peccati
234 3642 266 3698 fit
278 3641 431 3719 particeps,
447 3652 557 3703 tenetur
574 3644 651 3703 enirn
665 3644 693 3701 vi
712 3645 757 3703 sui
779 3642 906 3702 muneris
927 3642 1047 3700 idoneos
1069 3640 1188 3700 homiues

112 3744 215 3816 quibus
230 3760 309 3799 sacra
322 3760 440 3800 munera
453 3742 559 3811 credat,
578 3743 708 3820 seligere.
751 3744 785 3801 In
799 3739 1047 3816 verbaApustoli:
1071 3741 1192 3799 “Manus

110 3842 165 3902 citd
186 3843 295 3901 nemini
315 3843 497 3920 imposueris,
512 3861 604 3916 neque
625 3841 878 3901 communicaveris
899 3840 1023 3916 peccatis
1042 3840 1140 3898 alienis
1153 3828 1189 3896 :⁹³⁶

109 3943 207 4001 scribit
220 3941 252 4000 S.
266 3941 329 4001 Leo
344 3961 351 3999 :
375 3950 393 3978 “
406 3940 484 4009 Quid
497 3952 541 4000 est
553 3942 763 4001 cummunicare
777 3940 903 4018 peccatis
917 3939 1029 4007 alienis,
1046 3940 1103 3998 nisi
1117 3937 1187 3996 talem

144 4146 187 4208 (1)
207 4143 238 4191 C.
251 4144 324 4194 Cum.
335 4144 467 4203 nullusde
479 4151 552 4210 temp.
563 4144 613 4195 ord.
625 4144 652 4194 in
669 4146 691 4193 6.
785 4144 827 4209 (2)
846 4144 925 4193 Cone.
941 4140 1011 4191 Trid.
1023 4139 1190 4195 wauton

143 4230 187 4292 (3)
207 4228 271 4278 Heb.
282 4244 305 4276 v.
317 4231 342 4276 4.
781 4229 823 4294 (4)
842 4227 914 4277 Joan.
924 4242 965 4276 xv.
980 4229 1019 4276 16.

144 4312 185 4375 (5)
204 4309 234 4359 ln
245 4327 266 4360 c.
277 4327 301 4364 v.
313 4310 345 4362 sd
357 4312 420 4362 Heb.
782 4315 824 4379 (6)
847 4316 858 4359 1
872 4311 938 4361 Tim.
950 4327 973 4360 v.
985 4314 1027 4362 22.
