2640 4860
240 370 298 432 DE
318 369 595 434 RECEPTIONE
616 372 1012 439 SAGRAMENTORUM.
1132 384 1172 440 23

78 535 197 616 indigne
210 539 340 617 suscipit.
381 539 488 601 dictus
508 541 578 601 olim
600 539 753 611 dicebatur,
774 540 823 616 qui
837 543 951 622 fingens
970 562 1002 603 ae
1021 555 1170 622 apeccato

80 656 145 696 esse
170 637 308 706 alienum,
334 637 371 697 ad
395 649 605 700 sacramentum
632 641 762 711 accessit,
794 643 845 715 qui
864 641 1000 721 deinceps
1026 645 1173 704 tenebatur

81 737 223 798 maculam
238 739 412 815 penitentie
425 739 582 818 lachrymis
595 739 702 809 eluere,
725 759 814 814 quum
833 752 1042 803 sacramentum
1064 745 1169 804 iterum

82 838 232 914 suscipere
245 856 305 898 non
328 848 436 915 posset.
479 839 544 900 “ln
564 839 616 898 illo
635 841 685 913 qui
705 840 788 899 fictus
811 843 1002 912 accesserat,”
1023 844 1115 916 inquit
1135 845 1168 902 S.

81 936 274 1014 Augustinus,
298 937 360 996 “fit
372 948 404 997 ut
417 957 475 998 nou
487 937 581 998 denuo
602 939 770 1016 baptizetur,
791 939 844 997 sed
856 941 919 1018 ipsa
931 943 980 1018 pia
991 945 1169 1002 correctione

80 1047 109 1093 et
120 1054 188 1094 vera
199 1036 375 1096 correctione
389 1048 533 1116 purgetur,
548 1037 625 1112 quod
633 1057 695 1101 uon
708 1048 808 1116 posset
819 1040 883 1098 siue
896 1041 1037 1118 baptismo
1048 1062 1056 1111 3
1077 1041 1128 1100 sed
1138 1052 1171 1100 ut

80 1133 159 1207 quod
172 1145 238 1195 ante
251 1135 348 1196 datum
362 1146 415 1206 est,
429 1145 497 1197 tunc
509 1138 604 1196 valere
618 1138 734 1215 incipiat
748 1138 782 1197 ad
796 1139 929 1210 salutem,
950 1159 1016 1199 cum
1029 1141 1078 1200 illa
1090 1141 1170 1200 fictio

80 1236 175 1293 veraci
189 1236 372 1295 confessione
385 1229 585 1296 recesserit.”¹
625 1235 706 1296 Idem
725 1238 828 1314 pariter
847 1239 882 1297 de
905 1239 1121 1299 confirmatione
1141 1249 1171 1298 et

83 1332 183 1392 ordine
207 1333 306 1393 dicunt
318 1335 445 1412 plerique
464 1336 609 1413 theologi3
630 1355 791 1396 consonum
814 1338 922 1416 quippe
935 1339 1039 1398 divine
1052 1340 1169 1398 bonitati

79 1431 203 1502 videtur,
224 1435 373 1510 paenitenti
391 1453 426 1493 ea
447 1434 554 1496 donare
574 1436 668 1512 gratie
694 1436 799 1494 auxilia
822 1439 925 1511 quibus
948 1440 978 1497 in
1000 1440 1169 1497 sacramenti

80 1533 265 1610 susceptione
279 1553 332 1593 sua
344 1532 429 1612 culpa
442 1535 567 1612 privatus
580 1545 634 1592 est.

120 1633 169 1690 47.
206 1631 308 1691 Gratia
332 1633 486 1706 unicuique
509 1653 561 1710 per
586 1643 764 1691 sacramenta
788 1634 919 1695 tribuitur
944 1656 997 1714 pro
1023 1638 1086 1714 ejus
1111 1637 1170 1696 dis·

79 1729 242 1806 positione;
264 1731 394 1805 quamvis
413 1733 489 1790 euim
503 1732 564 1790 haec
583 1733 612 1789 vi
632 1752 683 1790 sua
702 1733 821 1809 gratiam
835 1734 1039 1812 impertiantur,
1059 1757 1098 1796 ex
1110 1737 1168 1795 Dei

78 1830 285 1898 misericordia,
313 1839 341 1889 et
363 1830 540 1899 liberalitate,
574 1850 637 1890 eam
670 1831 797 1915 tribquut
833 1835 1025 1910 copiosiorem
1052 1837 1088 1894 iis
1117 1837 1169 1909 qui

80 1929 183 2006 majori
206 1929 301 1988 studio
322 1949 355 1989 se
374 1949 412 1990 ex
431 1932 527 2008 gratie
553 1931 661 1989 auxilio
681 1938 781 2006 parent
800 1927 836 1988 ad
855 1951 918 1990 eam
937 1933 1168 2009 suscipiendam:

81 2027 159 2100 quod
185 2027 222 2087 de
243 2029 384 2106 baptismo
404 2037 571 2088 constater
591 2029 714 2088 concilio
740 2028 929 2090 Tridentino:
952 2033 1114 2110 “justitiam
1139 2035 1169 2092 in

79 2127 163 2186 nobis
190 2129 373 2206 recipientes,
391 2129 590 2203 unusquisque
613 2148 694 2188 suam
717 2129 874 2190 secundum
899 2118 1063 2190 mensuram
1083 2150 1169 2206 quam

81 2227 206 2304 Spiritus
242 2229 365 2287 Sanctus
384 2230 501 2307 partitur
520 2230 641 2307 singulis
661 2238 746 2306 prout
769 2230 839 2298 vult,
869 2240 899 2288 et
923 2232 1080 2291 secundum
1104 2251 1169 2310 pro·

80 2327 173 2404 priam
187 2328 327 2406 cujusque
340 2326 557 2405 dispositionem
572 2339 600 2387 et
612 2324 895 2406 cooperationem.'’²

119 2429 169 2485 48.
192 2427 252 2494 Qui
277 2436 463 2498 sacramenta,
489 2429 575 2487 etiam
601 2448 663 2502 que
689 2430 879 2488 characterem
905 2449 963 2490 nou
989 2431 1167 2508 imprimunt,

83 2526 205 2602 suscipit
225 2525 352 2603 indigne,
372 2529 491 2605 gratiam
512 2526 645 2604 deinceps
668 2529 806 2601 consequi
825 2530 929 2605 poterit
950 2529 1123 2606 penitendo,
1138 2539 1170 2588 ut

83 2643 116 2683 ea
127 2625 259 2703 perficiat
271 2625 306 2685 ad
320 2644 383 2699 quae
397 2627 502 2686 auxilia
521 2629 734 2686 sacramentalia
753 2628 914 2687 necessaria
926 2639 1011 2694 sunt;
1032 2647 1067 2684 v:
1082 2647 1117 2703 g:
1138 2636 1170 2685 ut

83 2743 170 2784 onera
190 2733 331 2784 sustentet
348 2727 529 2795 matrimonii,
549 2727 682 2786 velutin
696 2727 849 2786 certamine
862 2727 958 2784 vincat
970 2725 1167 2784 moribundus.

84 2824 266 2884 Eucharistia
279 2823 344 2883 verd
358 2828 462 2902 poterit
474 2827 571 2885 iterato
584 2826 684 2903 recipi.

121 2928 171 2982 49.
194 2925 253 2992 Qui
273 2943 325 2984 sua
337 2925 421 3002 culpa
439 2925 535 2984 amisit
553 2925 672 3002 gratiam
687 2926 748 3002 jam
769 2925 799 2983 in
819 2932 995 2983 sacramento
1015 2933 1169 3000 receptam,

85 3024 178 3083 amisit
191 3043 308 3099 quoque
317 3025 367 3102 jus
381 3025 417 3083 ad
431 3025 536 3084 auxilia
549 3023 772 3091 sacramentalia,
783 3041 846 3096 quae
860 3031 954 3080 tamen
964 3020 1039 3080 haud
1050 3023 1169 3081 omuino

85 3123 256 3192 auferuntur,
283 3131 421 3197 quatenus
448 3125 510 3183 aliis
536 3125 662 3201 prosint:
697 3142 764 3181 nam
789 3121 926 3181 ministris
952 3123 1050 3191 sacris,
1084 3122 1167 3182 etiam

86 3222 221 3300 indignis,
246 3223 330 3299 plura
357 3223 417 3282 dari
445 3230 557 3283 constat
581 3225 612 3282 in
631 3223 748 3281 aliorum
768 3223 939 3290 utilitatem
966 3223 1039 3282 sicut
1058 3230 1087 3280 et
1118 3222 1170 3281 Ju-

86 3319 209 3381 daeorum
225 3322 354 3400 pontifici
368 3323 486 3400 contigit
497 3320 607 3381 Christi
620 3331 740 3381 mortem
754 3315 934 3398 predicere.³

121 3426 170 3480 50.
193 3421 297 3481 Utrum
310 3422 395 3480 liceat
413 3431 587 3480 sacramenta
609 3443 626 3480 a
645 3422 775 3480 ministro
795 3421 913 3498 indigno
933 3430 1029 3499 petere
1050 3420 1171 3479 dubitari

86 3529 184 3596 potest.
227 3520 374 3595 Equidem
393 3522 420 3580 si
438 3524 502 3600 ejus
523 3520 675 3598 indignitas
696 3529 799 3598 pateat,
826 3530 855 3579 et
873 3520 952 3580 nulla
977 3522 1014 3579 sit
1036 3520 1169 3596 specialis

86 3621 153 3679 ratio
166 3622 230 3699 ejus
244 3621 432 3680 ministerium
445 3620 608 3698 expetendi,
630 3620 748 3680 minime
761 3620 837 3690 licet,
859 3639 947 3694 quum
961 3620 1082 3678 charitas
1096 3629 1172 3678 vetet

88 3717 168 3778 alium
195 3719 232 3779 ad
257 3720 445 3797 peccandum,
470 3721 539 3780 licet
557 3722 620 3797 ipse
645 3721 790 3779 voluntate
815 3738 922 3797 pronus
948 3720 995 3787 sit,
1016 3717 1168 3776 inducere:

90 3819 221 3878 “Preter
240 3821 420 3879 necessitatis
440 3819 621 3889 articulum,'’
642 3821 735 3894 inquit
754 3819 786 3879 S.
814 3819 956 3885 Thomas,
983 3825 1069 3873 “nou
1096 3826 1172 3873 esset

87 3925 172 3977 tutum
198 3919 276 3992 quod
296 3938 362 3980 eum
382 3920 531 3979 induceret
550 3920 585 3978 ad
611 3919 726 3995 aliquod
752 3920 798 3978 sui
823 3917 931 3977 ordinis
957 3912 1169 3986 exequendum,

87 4013 199 4077 durante
212 4019 263 4078 tali
275 4020 460 4090 conscientia,
475 4019 552 4096 quod
566 4020 613 4080 ille
625 4020 655 4078 in
668 4025 785 4098 peccato
799 4016 909 4075 mortali
922 4007 1048 4072 esset.”⁴

121 4248 161 4313 (l)
180 4246 210 4297 L.
221 4247 238 4297 i.
249 4246 280 4298 de
290 4248 355 4315 bapt
366 4255 448 4300 contra
458 4248 547 4300 Donat.
558 4265 579 4298 c
591 4247 634 4297 rii.
703 4245 745 4312 (2)
765 4242 830 4292 Besa
842 4243 873 4293 vi.
885 4258 938 4308 cap.
947 4241 989 4292 rii.
1000 4241 1030 4290 de
1036 4240 1136 4307 justific.

119 4332 160 4400 (3)
178 4333 296 4387 Joeruxi
309 4337 350 4384 51.
562 4336 605 4403 (4)
624 4329 764 4382 lnir.dist
776 4329 843 4381 xxiv.
856 4327 1041 4394 q.i.artiii.q.
1054 4342 1076 4376 v.
1088 4326 1154 4375 ad3.
