2640 4860
344 365 401 427 DE
422 364 710 428 CELEBRANDA
730 367 866 428 Mtssn.
1093 374 1149 431 10³

43 542 78 592 et
92 523 226 602 sabbato,
236 534 320 592 unica
333 533 436 592 dicitur
445 534 550 604 Missa,
560 518 767 604 conventualis,
778 534 897 603 scilicet,
906 552 957 594 seu
966 535 1148 611 parochialis,

47 651 142 707 qnam
156 633 324 692 solemniter
336 635 442 693 cantari
461 636 605 703 convenit,
621 635 752 706 quamvis
765 634 874 693 omissa
888 634 938 692 illa
957 635 1148 705 solemnitate,

50 731 191 790 sacerdos
205 734 236 791 in
248 751 301 791 sna
313 734 463 802 missione,
474 751 525 792 seu
540 734 672 811 parmam,
683 735 775 810 possit
787 733 941 803 celebrare,
953 733 1148 795 deficientibus

54 831 207 891 ministris.

94 935 146 988 st.
168 929 282 1006 Saepius
295 932 324 989 in
335 931 436 990 eadem
450 930 495 989 die
506 932 614 991 Missas
625 930 766 989 celebrare
776 931 846 990 olins
856 930 954 989 licuitt
969 932 1046 1005 quod
1054 941 1148 993 tamen

56 1029 204 1106 prohibuit
216 1029 400 1089 Innocentius
414 1026 486 1089 lll.l
505 1030 654 1107 excipiens
668 1038 777 1089 tantum
794 1030 971 1089 necessitatis
991 1049 1107 1090 causam
1120 1045 1149 1091 et

56 1128 130 1186 diem
149 1128 283 1186 Natalem
298 1127 407 1188 Christi
421 1129 550 1198 Domini,
559 1130 590 1187 in
603 1147 659 1202 qua
671 1139 714 1187 ter
726 1129 892 1197 celebratur,
905 1147 958 1206 pro
968 1130 1148 1190 sacerdotum

57 1226 182 1285 arbitrio.
225 1228 260 1286 ln
274 1226 435 1306 Hispanica
448 1238 477 1286 et
496 1228 722 1306 Ulyssiponensi
736 1226 851 1297 ditione,
867 1237 909 1285 ter
928 1229 1012 1286 etiam
1026 1230 1056 1287 in
1071 1247 1148 1288 com·

58 1327 265 1385 memoratione
278 1326 404 1387 fidelium
419 1327 626 1396 defunctorum,
642 1346 679 1386 ex
687 1328 805 1405 speciali
824 1325 934 1386 indulto
952 1337 980 1384 et
999 1337 1148 1389 consuetu·

58 1423 134 1494 dine,
150 1425 294 1483 celebrare
313 1427 390 1485 licet.
424 1426 506 1486 Solet
525 1426 585 1486 fieri
607 1427 724 1485 facultas
746 1427 890 1504 episcopis
911 1426 997 1503 hujus
1020 1429 1147 1506 regionis

59 1524 233 1583 concedendi
247 1534 414 1601 potestatem
428 1524 621 1585 sacerdotibus
647 1527 691 1585 bis
705 1526 873 1594 celebrandi,
889 1533 909 1562 “
919 1545 956 1584 ex
970 1527 1147 1603 gravissimis

57 1631 154 1689 tamen
180 1625 284 1693 causis,
312 1633 341 1682 et
366 1626 509 1684 rarissime
520 1623 551 1693 ;''
586 1643 671 1683 causa
703 1634 799 1683 autem
828 1643 911 1698 aequa
942 1635 995 1694 est,
1021 1627 1046 1684 si
1082 1627 1146 1700 quis

59 1719 126 1779 duas
147 1724 393 1800 congregationes,
408 1742 458 1782 seu
478 1724 625 1801 paroecias,
640 1723 751 1790 invisat,
766 1723 811 1781 vel
832 1723 909 1797 quod
927 1723 1055 1784 fidelium
1075 1725 1147 1784 mul·

60 1821 148 1880 titudo
161 1831 219 1881 tota
232 1832 354 1896 nequeat
374 1823 460 1881 simul
473 1823 648 1900 congregari.
691 1822 761 1880 Non
775 1821 886 1881 videtur
898 1841 984 1881 causa
1000 1824 1146 1885 sufficiens

60 1919 237 1996 plerumque,
265 1922 341 1994 quod
368 1921 483 1996 quidam
509 1922 720 1980 communicare
746 1921 843 1989 velint,
871 1922 921 1993 qui
946 1922 996 1979 vix
1028 1931 1152 1998 possunt

54 2039 170 2078 manere
186 2022 281 2098 jejuni
294 2021 329 2079 ad
350 2031 461 2098 tempus
482 2031 652 2080 consuetum
673 2018 849 2079 celebrandae
871 2021 988 2078 Missae:
1011 2021 1048 2079 iis
1068 2023 1146 2081 enim

57 2122 222 2199 communio
236 2131 317 2178 extra
330 2122 453 2179 Missam
463 2121 524 2179 dari
536 2121 649 2197 poterit,
664 2121 688 2177 si
703 2119 803 2178 hostiae
817 2128 987 2178 consecratae
996 2121 1026 2178 in
1037 2121 1146 2180 ciborio

59 2219 113 2278 sint
124 2239 137 2291 3,
148 2220 195 2278 vel
209 2220 286 2294 quod
300 2220 421 2280 Sorores
441 2220 583 2278 charitatis
597 2228 663 2278 vota
684 2219 812 2278 emittere
826 2220 916 2277 velint
934 2220 986 2278 sub
1000 2239 1147 2279 consecra·

59 2317 174 2386 tionem,
189 2337 252 2391 quae
266 2319 367 2378 nolunt
379 2320 515 2397 proferre,
530 2328 588 2377 tota
601 2328 772 2397 congregata
782 2317 972 2378 multitudine.
994 2319 1146 2381 lnindulto

60 2417 227 2494 Apostolico
241 2426 260 2454 ‘⁶
269 2417 342 2477 serid
356 2420 448 2496 ipsius
463 2415 618 2501 (episcopi)
631 2419 813 2479 eonscientiae
826 2419 993 2496 injungitur,
1002 2427 1034 2477 ut
1046 2421 1146 2496 paucis

58 2514 202 2586 duntaxat,
216 2519 309 2590 iisque
320 2519 479 2577 maturioris
493 2517 660 2595 prudentie,
675 2536 708 2575 ac
720 2516 787 2585 zeli,
801 2528 829 2575 et
842 2518 893 2589 qui
905 2517 1034 2577 absolute
1046 2535 1146 2577 neces·

58 2617 121 2674 sarii
135 2627 212 2686 sunt,
227 2637 281 2676 neo
295 2636 348 2694 pro
361 2617 489 2691 quolibet
500 2617 575 2686 loco,
589 2615 642 2675 sed
654 2616 703 2674 ubi
716 2617 810 2691 gravis
829 2617 984 2691 necessitas
998 2614 1103 2684 tulerit,
1117 2625 1146 2674 et

58 2714 90 2771 ad
112 2716 198 2775 breve
224 2725 337 2794 tempus
365 2716 484 2776 eandem
507 2716 708 2783 communicet,
729 2723 776 2772 aut
795 2714 954 2791 respective
975 2731 1075 2771 causas
1097 2733 1146 2791 ap·

59 2816 188 2888 probet.”

93 2918 142 2973 85.
166 2917 282 2974 “Missa
295 2917 413 2993 privata,
421 2916 521 2974 saltem
530 2923 596 2991 post
607 2914 782 2972 Matutinum
792 2921 821 2971 et
829 2910 953 2978 Laudes,
965 2928 1144 2984 quacumque

58 3010 122 3070 hora
136 3015 171 3072 ab
186 3034 286 3074 aurora
298 3033 389 3088 usque
403 3014 439 3073 ad
449 3013 596 3074 meridiem
610 3012 666 3071 dici
679 3010 807 3088 potest.'’
848 3011 891 3069 lta
900 3009 1144 3069 habentRubricae

59 3109 194 3173 Missalis.
236 3115 324 3191 Apud
338 3133 391 3173 nos
405 3133 443 3172 ex
463 3112 573 3173 indulto
587 3111 702 3189 speciali
724 3110 780 3169 dici
800 3119 895 3188 potest
913 3129 971 3167 una
991 3109 1061 3168 hora
1081 3119 1144 3167 ante

57 3229 192 3282 auroram,
207 3210 252 3271 vel
265 3226 334 3291 post
348 3211 505 3273 meridiem.
548 3213 582 3273 In
603 3212 781 3279 necessitate,
796 3209 832 3267 ad
851 3208 978 3268 dandum
999 3209 1145 3268 Viaticum

59 3314 190 3371 morituro
204 3315 393 3372 communiter
414 3311 511 3371 dicunt
523 3311 648 3388 theologi
667 3310 753 3368 lioere
773 3308 868 3368 media
888 3317 970 3367 nocte
991 3309 1143 3369 celebrare.

58 3408 87 3468 ln
99 3421 183 3470 nocte
205 3411 368 3471 Natiuitatis
388 3414 457 3471 licet
477 3412 599 3470 Missam
620 3410 779 3469 solemnem
800 3410 963 3476 celebrare;
984 3409 1036 3468 sed
1056 3418 1145 3470 “non

59 3506 117 3568 licet
130 3512 160 3570 in
175 3512 272 3570 inedia
291 3521 375 3572 nocte
396 3512 561 3570 Natiuitatis
582 3510 703 3569 Domini
723 3510 864 3569 celebrare
890 3510 1053 3567 successive
1073 3509 1143 3567 alias

58 3605 130 3678 duas,
145 3620 175 3668 et
190 3612 421 3671 communionem
434 3629 543 3669 sacram
556 3603 741 3668 exhibere.”²
781 3610 881 3668 Missae
892 3609 1049 3684 privataeea
1061 3616 1144 3665 nocte

61 3725 111 3766 non
125 3711 335 3785 permittuntur.

94 3811 142 3867 86.
164 3809 254 3868 Omni
268 3810 325 3878 die,
339 3818 528 3886 praeterquam
541 3809 570 3866 in
584 3807 629 3865 die
643 3807 765 3864 Veneris
785 3806 886 3873 sancti,
902 3803 1024 3861 Missam
1038 3801 1142 3858 solem-

59 3923 129 3976 nem,
154 3927 206 3967 seu
232 3909 460 3977 conventualem,
487 3907 629 3966 celebrare
655 3906 740 3969 licet:
772 3905 874 3963 Missae
908 3912 1002 3958 autem
1028 3899 1145 3976 privatae

60 4007 240 4079 prohibentur
253 4010 282 4067 in
296 4029 377 4067 coena
390 4008 545 4067 Dominiet
558 4004 633 4064 Sahb
689 3998 806 4071 Sancto,
815 4003 856 4059 uti
864 4000 956 4072 liquet
965 4016 1003 4056 ex
1016 3998 1145 4077 pluribus

62 4102 176 4166 decretis
199 4109 296 4168 relatis
317 4128 333 4166 a
353 4110 385 4167 S.
408 4106 569 4185 Alphonsc.
645 4092 746 4169 itit
759 4109 854 4159 autem
875 4097 1013 4157 Clemens
1036 4096 1091 4156 xl:
1114 4107 1146 4155 ut

96 4325 137 4391 (1)
158 4321 198 4373 Ex
210 4337 262 4391 cap.
273 4321 307 4371 iii.
319 4321 347 4372 dc
359 4320 469 4375 celebrat.
705 4315 748 4381 (2)
768 4313 794 4362 S.
807 4311 839 4364 G.
850 4312 900 4364 Rit,
914 4313 953 4361 ts.
965 4309 1025 4363 Dec.
1040 4311 1113 4360 1702.
