2640 4860
107 401 168 457 272
483 390 625 451 CAPUT
645 390 828 452 UNlcUM.

109 561 177 620 dum
197 557 335 617 solemnis
354 555 387 614 fit
405 559 532 633 precatio
552 558 725 635 prelationis
745 556 781 615 ad
800 558 897 625 instar,
911 575 976 631 quae
996 555 1132 616 manibus
1150 560 1193 614 'ex-

109 658 197 718 tensis
218 657 361 713 recitatur.
403 656 549 728 Equidem
569 675 632 729 quoe
647 655 782 734 precedit
800 671 936 714 manuum
956 653 1118 730 impositio,
1132 651 1194 709 dum

108 757 240 834 episcopi
253 755 369 813 dicunt:
391 752 501 834 Accipe
517 754 668 832 Spiritum
683 752 848 813 Sanctum:
869 752 906 810 ad
917 753 1069 811 materiam
1083 750 1194 829 propius

109 854 243 914 accedere
264 853 391 921 videtur;
412 853 464 911 sed
488 855 580 912 obstat
605 853 683 927 quod
704 854 733 911 in
753 853 876 926 antiquis
897 850 972 910 desit
990 851 1151 917 ritualibus,
1170 855 1195 905 et

110 954 223 1014 nonnisi
236 953 347 1011 seculis
361 951 462 1010 mediis
479 952 593 1010 inducta
605 952 723 1012 dicatur.

148 1057 177 1111 9.
199 1051 319 1118 Quoties
339 1049 466 1109 desectus
491 1051 643 1109 essentiam
669 1050 783 1127 respicit
800 1047 979 1126 supplendus
1000 1058 1045 1106 est
1065 1054 1195 1106 “statuto

110 1164 236 1227 tempore
250 1150 284 1208 ad
306 1149 470 1225 hujusmodi
483 1150 598 1208 ordines
617 1149 805 1207 conferendos
818 1141 862 1216 ;’'¹
884 1165 968 1206 secus
982 1149 1010 1207 si
1023 1147 1152 1206 delectus
1163 1145 1197 1202 sit

111 1248 302 1309 accidentalis.
356 1248 570 1307 “Probabiliter
588 1247 656 1307 verb
677 1248 745 1306 dicit
763 1247 955 1305 Tamburini.
972 1287 980 1303 .
997 1288 1004 1304 .
1020 1245 1100 1319 quod
1119 1244 1145 1302 si
1162 1241 1196 1301 ob

109 1350 202 1409 solum
223 1348 341 1406 dubium
362 1349 478 1405 iteretur
496 1347 567 1407 ordo
586 1349 640 1406 sub
659 1346 832 1412 conditione,
846 1344 891 1402 vel
910 1345 1087 1404 caeremonia
1106 1343 1195 1414 aliqua

111 1449 214 1525 poterit
239 1448 334 1505 iterari
359 1447 460 1517 quovis
486 1445 543 1514 die,
569 1456 598 1503 et
623 1465 639 1503 a
664 1446 767 1518 quovis
789 1444 944 1520 episcop03
965 1442 1129 1517 eodemque
1154 1439 1196 1498 die

109 1558 242 1624 poterunt
255 1545 340 1604 simul
348 1544 471 1603 conferri
480 1543 606 1612 ordines,
617 1554 673 1603 tam
683 1544 815 1620 majores,
824 1560 911 1616 quam
919 1543 1060 1612 minores,
1068 1539 1196 1600 adhibitis

111 1645 180 1703 solis
193 1644 420 1703 solemnitatibus
430 1644 612 1719 probabiliter
624 1642 792 1700 necessariis
805 1640 840 1698 ad
854 1635 1031 1698 valorem.”²

153 1747 201 1800 10.
225 1744 258 1800 Si
281 1743 346 1815 quis
370 1740 405 1798 ad
426 1743 634 1817 porrectionem
655 1740 751 1799 calicis
772 1758 837 1798 cum
852 1739 931 1807 vino,
954 1747 983 1797 et
1005 1748 1118 1816 patente
1137 1754 1198 1793 cum

111 1841 216 1909 hostia,
243 1860 301 1900 nou
327 1840 489 1908 accesserit,
516 1840 584 1899 dum
607 1840 756 1916 presbyter
777 1837 865 1905 fieret,
888 1839 943 1895 erit
964 1838 1020 1896 sub
1040 1836 1198 1896 conditione

112 1942 213 1999 iterum
227 1939 414 2007 ordinandus,
428 1957 465 1997 ex
479 1938 593 1998 decreto
613 1939 646 1996 S.
661 1936 900 2013 congregationis
914 1934 991 2013 apud
1012 1935 1197 1994 Benedictum

112 2033 214 2096 xlv.³
255 2040 357 2097 Utrum
371 2039 557 2096 instrumenta
577 2038 638 2097 haec
651 2036 784 2114 physice,
798 2053 849 2093 seu
862 2053 964 2111 reapse
978 2035 1058 2111 tangi
1073 2033 1198 2096 debcant,

69 2176 72 2193 .
112 2137 158 2194 vel
178 2137 301 2194 sufficiat
313 2144 458 2193 contactus
472 2153 558 2207 quem
571 2135 669 2194 dicunt
687 2134 835 2202 moralem,
850 2134 962 2192 scilicet
974 2152 1033 2206 quo
1047 2133 1126 2210 tangi
1138 2150 1198 2190 cen·

112 2243 208 2292 sentur
220 2235 257 2292 ob
271 2233 520 2310 propinquitatem,
534 2235 752 2291 controvertitur
764 2233 836 2291 inter
849 2250 899 2290 eos
913 2233 963 2304 qui
976 2251 1078 2290 eorum
1094 2249 1198 2308 porrec-

113 2333 218 2389 tionem
230 2332 369 2388 aestimant
379 2331 568 2388 necessariam
581 2352 588 2388 ι
604 2331 759 2389 curandum
771 2341 864 2389 autem
878 2332 999 2389 omnino
1010 2339 1054 2388 est
1064 2341 1096 2389 ut
1104 2346 1198 2406 reapse

113 2439 270 2505 tangantur,
291 2446 344 2486 nec
364 2429 440 2485 enim
461 2427 529 2486 dum
549 2429 585 2487 de
605 2430 700 2487 valore
721 2430 889 2487 sacramenti
910 2431 1013 2506 agitur,
1028 2424 1199 2508 probabilem

112 2529 283 2588 sententiam
297 2527 378 2600 sequi
391 2527 466 2585 licet.
508 2527 644 2586 Peccaret
658 2530 743 2604 igitur
755 2530 876 2604 graviter
889 2529 1055 2605 episcopus,
1071 2528 1116 2586 vel
1129 2526 1199 2585 ordi·

112 2631 159 2688 nis
180 2638 338 2703 susceptor,
362 2626 411 2699 qui
436 2627 579 2685 incuriose
606 2645 637 2684 se
663 2626 698 2683 de
722 2645 756 2683 ea
778 2646 807 2684 re
830 2637 957 2704 gereretz
979 2628 1066 2686 etad
1088 2643 1198 2685 omnem

112 2726 263 2786 tollendam
277 2726 480 2784 dubitationem
501 2728 686 2785 instrumenta
697 2725 832 2783 tradenda
844 2726 938 2783 forent
950 2728 1055 2785 iterum
1069 2727 1123 2784 sub
1137 2743 1198 2783 cou-

113 2824 230 2884 ditione.
273 2824 402 2882 (lensent
418 2825 598 2901 probabiliter
617 2825 749 2883 nonnulli
769 2823 939 2901 tangendam
953 2844 1019 2882 esse
1039 2823 1198 2884 necessario

112 2934 260 2998 utramque
270 2924 405 3000 speciem,
416 2943 518 3001 panem
530 2925 640 2983 scilicet
649 2933 678 2981 et
686 2925 801 2981 vinum:
817 2923 894 2996 quod
905 2923 939 2980 ad
950 2942 1037 2982 omne
1049 2924 1198 2981 discrimen

112 3023 216 3082 valoris
236 3022 399 3080 evitandum
413 3023 583 3081 servandum
597 3033 649 3080 est.
682 3024 715 3080 si
726 3023 820 3080 hostia
833 3031 972 3099 tangatur,
987 3031 1017 3080 et
1029 3041 1090 3081 non
1103 3032 1199 3099 patena

112 3121 218 3180 sufficit
221 3123 417 3198 juxtaplures,
426 3121 476 3178 sed
486 3141 573 3193 quum
586 3122 783 3179 auonnemine
794 3123 823 3179 in
834 3121 952 3179 dubium
964 3131 1091 3190 vocetur,
1101 3119 1199 3179 securi·

113 3221 163 3278 tati
176 3219 392 3277 consulendum.
435 3220 548 3278 Sufficit
562 3231 675 3296 tangere
689 3230 822 3297 patenam
837 3229 865 3278 et
879 3219 1009 3287 calicem,
1025 3221 1095 3293 quin
1108 3219 1196 3277 hostia

114 3326 258 3392 tangatur;
285 3316 335 3373 sed
358 3318 420 3374 haec
443 3336 557 3391 quoque
581 3319 720 3395 tangenda
741 3328 793 3385 est,
808 3328 838 3375 ut
855 3317 950 3376 nullus
974 3318 1012 3377 sit
1034 3319 1194 3377 dubitationi

113 3413 204 3472 locus.
253 3412 385 3472 Calicem
411 3417 461 3487 qui
488 3419 585 3494 tangit,
611 3427 753 3494 patenam,
775 3436 837 3490 quae
861 3419 888 3474 ei
907 3418 1130 3492 superimposita
1148 3426 1193 3482 est,

113 3522 229 3589 tangere
243 3521 382 3570 censetur.
426 3513 481 3570 Sed
493 3515 649 3575 curandum
663 3528 694 3574 ut
707 3519 772 3593 ipsa
785 3534 901 3589 quoque
916 3524 1056 3592 tangatur.

409 3729 434 3802 §.
450 3729 489 3787 ΙΙ.
532 3729 579 3787 Du
595 3749 732 3790 onomius
745 3748 897 3790 uinrsrno.

155 3897 202 3950 11.
225 3893 312 3951 Solus
326 3893 479 3970 episcopus
494 3904 538 3951 est
557 3894 688 3952 minister
701 3894 860 3952 ordinarius
875 3891 1017 3962 ordinum,
1031 3894 1073 3951 uti
1087 3912 1123 3951 ex
1135 3909 1193 3950 con·

113 3989 186 4048 ciliis
200 3990 366 4050 Florentino
379 4001 408 4050 et
420 3992 589 4050 Tridentino
604 4003 731 4050 constat:
747 4003 870 4052 attamen
883 4010 920 4050 ex
931 3992 1020 4069 Papae
1040 3993 1191 4052 auctoritate

182 4206 224 4268 (l)
244 4205 306 4270 Cap.
318 4208 450 4272 Presbyter,
461 4210 491 4261 de
502 4211 590 4261 eodem.
781 4214 823 4278 (2)
843 4212 870 4262 S.
882 4210 957 4275 Alpb.
968 4211 985 4260 l.
996 4212 1030 4261 vi.
1039 4227 1065 4260 n.
1077 4212 1133 4260 too.

183 4286 226 4352 (³)
245 4287 275 4336 L.
286 4289 335 4339 viii.
346 4307 367 4339 c.
379 4308 438 4342 an.
453 4297 491 4342 13.
784 4298 826 4361 (4)
848 4295 1133 4359 S.A1ph.1.vi.n.ma.
