2640 4860
173 393 233 450 244
517 384 574 443 DE
594 383 917 444 INDULGENTIIS.

214 558 285 613 255.
305 551 444 611 anilaeus
458 551 627 628 plerumque
647 551 682 609 ad
703 551 868 624 quindecim
888 549 950 608 diee
963 550 1155 626 protenditur,
1170 570 1264 628 opera·

178 655 277 728 quein
303 671 360 710 uua
378 650 558 709 hebdomada
578 650 741 728 peragenda
760 660 844 708 sunt:
867 669 905 708 ex
924 667 977 707 usu
1000 657 1097 709 tamen
1123 652 1266 710 confessio

177 754 249 811 sacta
261 753 377 810 sabbato
391 753 508 827 previo,
524 750 570 807 vel
583 750 613 808 in
625 750 785 808 festivitatis
798 750 907 827 vigilia,
920 757 1053 807 censetur
1066 751 1142 808 intra
1155 759 1264 826 tempus

177 853 372 928 prescriptum
387 849 465 907 fieri:
487 851 562 908 sicut
574 859 603 906 et
612 849 776 908 communio
789 848 889 907 ultima
899 847 1053 908 Dominica
1067 849 1162 908 facta:
1177 849 1266 909 media

175 963 270 1009 autem
296 950 451 1009 Donrinioa
476 948 510 1006 ad
536 959 686 1021 utramque
712 947 920 1006 hebdomadam
946 956 1080 1006 censetur
1101 941 1265 1026 pertinere.¹

175 1049 291 1127 Jejunia
305 1060 345 1107 ter
368 1050 398 1107 15
419 1047 519 1106 eadem
540 1046 729 1115 hebdomada,
749 1047 828 1106 feriis
849 1055 957 1120 quarta,
984 1056 1068 1104 sexta
1093 1057 1123 1106 et
1142 1049 1265 1109 sabbato,

176 1149 346 1227 plemmque
360 1148 596 1225 praesccibuntur3
618 1156 647 1204 et
665 1146 850 1222 eleemosyna
863 1146 1035 1223 pauperibus
1050 1146 1201 1205 tribuenda
1213 1164 1263 1224 pro

65 1280 71 1287 -
175 1251 315 1326 cujusque
330 1247 469 1314 facultate,
484 1246 529 1303 vel
543 1247 630 1305 animi
641 1245 771 1309 arbitrior
786 1255 814 1302 et
826 1246 953 1303 ecclesiae
967 1243 1098 1317 quaedam
1113 1245 1264 1324 designate

87 1382 94 1393 ·
176 1348 324 1406 visitanda
339 1357 414 1414 sunt,
429 1355 456 1403 et
469 1344 586 1418 quidem
599 1364 699 1403 omnes
713 1344 816 1402 eodem
831 1344 887 1402 die.
929 1343 1075 1402 Caeterum
1090 1345 1265 1405 conditiones

29 1484 40 1531 ¹.
78 1442 123 1545 §a
150 1478 153 1483 ·
175 1464 214 1507 ex
228 1447 381 1524 diplomate
396 1444 556 1518 querende
577 1454 660 1512 sunt;
682 1462 888 1517 nonnunquam
912 1444 1000 1510 enim,
1021 1442 1217 1522 eleemosynae
1239 1453 1266 1501 et

173 1547 350 1624 jejuniorum
365 1545 472 1603 omissa
491 1546 647 1611 mentione,
667 1552 907 1601 sacramentorum
928 1542 1074 1618 susceptio
1097 1552 1126 1600 et
1149 1545 1266 1602 visitatio

72 1630 105 1679 Τ
177 1647 308 1704 ecclesiae
322 1664 388 1702 cum
402 1645 530 1702 oratione
545 1651 652 1700 tantum
665 1643 828 1718 exiguntur,
849 1642 891 1700 uti
913 1641 942 1699 in
961 1642 1070 1699 recenti
1084 1642 1119 1700 de
1135 1642 1268 1720 Hispani·

175 1764 256 1809 51515
270 1763 359 1822 regno
372 1743 491 1802 indulto.

215 1849 286 1903 256.
308 1844 405 1921 Opera
427 1843 498 1902 31153
519 1841 613 1901 debita
632 1861 689 1900 non
709 1843 855 1901 sufficiunt
872 1840 995 1900 Jubilaeo
1017 1841 1177 1910 lucrando;
1205 1860 1267 1901 nam

176 1951 262 2002 “una
277 1944 419 2002 solutione
440 1943 542 2015 nequit
557 1941 689 1999 satisfieri
712 1941 821 2018 duplici
843 1941 939 1999 debito
961 1958 1096 2008 oneroso,
1118 1952 1205 2019 prout
1226 1952 1266 1998 est

177 2061 260 2119 5553,
276 2045 337 2100 sive
351 2042 478 2100 conditio
492 2042 623 2117 apposita
636 2041 665 2097 in
679 2040 804 2099 Indulto.
845 2040 887 2098 Et
905 2040 947 2098 sic
960 2038 1047 2099 hodie
1062 2042 1219 2100 tenendum
1232 2059 1267 2098 ex

176 2140 258 2198 dictis
272 2162 288 2198 a
302 2142 342 2199 N.
358 2141 393 2199 P.
409 2139 519 2197 Bened.
534 2139 617 2196 XIV.
632 2139 661 2195 in
674 2138 886 2199 Constitutione
900 2139 1005 2216 pluries
1019 2140 1103 2197 citata
1112 2135 1161 2208 ;”²
1174 2141 1267 2213 itaque

176 2238 246 2296 dans
259 2240 432 2316 pauperibus
447 2238 596 2314 pecuniam
611 2255 648 2294 ex
669 2239 833 2297 confessarii
848 2239 1014 2316 prescripto
1029 2237 1064 2296 ad
1078 2237 1207 2298 fraudem
1227 2257 1268 2297 re·

56 2344 74 2421 1·
178 2336 343 2413 parandam,
358 2337 403 2394 vel
412 2338 548 2414 jejunans
562 2346 683 2409 quatuor
695 2341 761 2397 3551
775 2339 961 2414 temporibus,
982 2357 1041 2397 555
1056 2347 1172 2414 praestat
1184 2357 1269 2417 opera

177 2437 315 2512 injuncta,
330 2435 381 2494 sed
394 2437 477 2494 debet
490 2436 545 2493 alia
558 2447 660 2512 sponte
674 2437 806 2515 adjicere.

215 2540 285 2596 257.
308 2537 377 2595 Ν55
404 2535 485 2594 datur
511 2535 594 2593 etiam
621 2537 651 2594 in
673 2536 794 2595 Jubilaeo
815 2536 932 2597 facultas
959 2537 1124 2596 absolvendi
1152 2538 1269 2614 compli-

177 2654 250 2694 cem.
292 2636 443 2694 Absolutio
472 2645 565 2693 autem
590 2655 606 2692 3
632 2637 757 2712 55553113
790 2637 940 2694 reservatis
970 2645 999 2693 et
1030 2638 1172 2705 censuris,
1207 2656 1269 2709 quae

178 2736 262 2812 culpa
284 2747 313 2793 et
333 2736 407 2795 mala
426 2734 482 2793 tide
504 2734 664 2793 confitentis
690 2734 767 2793 nulla
786 2745 839 2803 531,
859 2754 918 2794 555
940 2734 1013 2794 151111
1025 2737 1267 2803 reservationem

178 2852 266 2906 quum
299 2835 415 2892 facultas
446 2834 528 2892 detur
553 2844 585 2891 ut
616 2834 791 2911 indulgentia
823 2834 982 2910 comparari
1015 2846 1117 2907 queat:
1152 2837 1213 2894 irno
1245 2835 1269 2893 si

178 2936 252 2993 bona
278 2934 334 2992 fide
361 2935 506 2993 confessio
536 2933 608 2991 sacta
637 2935 683 3001 sit,
714 2953 798 3006 quam
832 2934 939 2993 doloris
973 2933 1085 2993 defectu
1119 2936 1270 3012 contigerit

176 3052 240 3090 esse
255 3027 388 3091 nullam.³
429 3032 514 3099 Quod
537 3034 562 3090 si
585 3033 649 3104 quis
671 3033 876 3092 absolutionem
891 3055 907 3091 a
920 3035 1048 3092 censuris
1071 3045 1100 3092 et
1113 3055 1130 3092 a
1142 3036 1268 3111 peccatis

177 3134 327 3190 reservatis
354 3133 516 3200 obtinuerit,
543 3143 572 3190 et
598 3132 733 3208 deinceps
760 3133 917 3208 neglexerit
938 3152 1025 3209 opera
1046 3133 1082 3192 ad
1101 3133 1267 3193 lucrandam

176 3232 381 3307 indulgentiam
404 3233 578 3307 prescripta,
603 3250 661 3290 non
683 3231 783 3290 incidit
802 3230 898 3292 denno
919 3232 948 3290 in
962 3226 1124 3300 censuras,⁴
1137 3252 1190 3291 nec
1205 3251 1267 3308 pec·

174 3349 238 3387 care
252 3332 373 3404 graviter
386 3330 528 3404 plerisque
542 3328 662 3389 videtur.

214 3432 284 3485 258.
305 3427 468 3499 Aliquando
482 3430 632 3504 apponitur
652 3430 787 3499 conditio,
810 3431 887 3504 quod
913 3433 963 3505 qui
983 3450 1117 3491 censuras
1141 3432 1265 3490 occultas

174 3527 323 3594 contraxit,
338 3526 423 3583 alium
437 3526 577 3596 laedendo,
592 3530 619 3587 ei
633 3529 794 3599 satisfaciat,
818 3532 863 3589 vel
884 3531 983 3588 saltem
1004 3549 1035 3588 se
1056 3532 1265 3589 satisfacturum

171 3629 281 3704 juratus
297 3626 448 3702 promittat,
463 3637 613 3701 antequam
628 3628 802 3688 absolvatur:
818 3640 990 3707 quapropter
999 3631 1024 3687 si
1035 3632 1149 3707 copiam
1164 3630 1264 3688 habeat

175 3727 377 3793 satisfaciendi,
392 3726 546 3786 satisfactio
567 3727 733 3802 plerumque
754 3730 927 3788 absolutioni
940 3730 1040 3806 praeire
1056 3730 1149 3787 debet.
1193 3727 1263 3784 “Ab

174 3827 293 3884 occultis
320 3826 446 3885 censuris
473 3828 509 3884 ob
536 3836 644 3904 partem
671 3826 768 3885 laesam
795 3829 916 3886 incursis
937 3846 995 3886 non
1014 3830 1093 3903 prius
1118 3827 1261 3886 absolvant

176 3925 390 4006 (conseaaurii)
411 3943 497 3997 quarn
521 3926 593 4002 parti
616 3924 690 3982 laesae
710 3927 850 4003 poerritens
871 3927 1055 3994 satisfecerim
1077 3928 1125 3984 vel
1145 3927 1171 3984 si
1184 3927 1258 4004 prius

307 4157 349 4222 (1)
371 4156 397 4204 S.
409 4156 483 4220 Alph.
496 4157 555 4207 lvi.
567 4173 592 4206 5.
605 4159 662 4203 537.
857 4159 899 4223 (2)
919 4156 1017 4215 Ibidem,
1029 4171 1054 4204 n.
1067 4158 1125 4205 538.

308 4243 351 4306 (3)
371 4241 434 4289 Vide
446 4240 471 4288 S.
485 4240 560 4305 Alph.
571 4243 587 4291 1.
600 4242 630 4292 vi.
643 4258 668 4289 5.
679 4243 738 4290 537.
756 4241 837 4300 Quoer.
846 4242 870 4292 ii.

306 4325 348 4389 (4)
368 4324 430 4373 Ben.
441 4324 511 4374 XIV.
524 4326 609 4376 05531.
621 4327 691 4378 Inter
697 4326 845 4394 5151511153,
857 4342 882 4375 5.
892 4329 932 4375 86.
