2640 4860
187 416 248 473 266
563 404 706 466 CAPUT
727 402 909 465 UNICUM.

187 577 353 658 prescripto
366 575 451 633 etiam
469 572 645 630 moribundis
658 573 708 646 qui
728 589 813 629 sensa
831 568 1027 647 suspendere
1049 580 1209 645 nequeunt,
1230 574 1278 632 sed

188 679 237 751 qui
250 674 349 735 merito
364 681 516 733 censentur
530 671 601 730 velle
614 672 670 730 hoe
682 669 812 730 subsidio
824 669 971 747 adjuvari:
983 669 1084 743 quales
1099 681 1169 730 sunt
1181 690 1278 731 omnes

188 779 237 849 qui
258 775 344 833 fidem
359 771 540 831 catholicam
554 771 677 847 professi
691 781 766 829 sunt.
801 779 821 805 ‘⁸
832 769 1080 846 lmpoeuitentibus
1094 769 1175 838 verb,
1190 771 1276 845 etqui

187 877 217 934 in
240 874 391 934 manifesto
420 880 537 948 peceato
569 870 684 929 mortali
708 869 876 936 moriuntur,
898 877 928 927 et
958 870 1228 938 excommunicatis,
1253 879 1279 928 et

186 973 313 1033 noudum
324 971 485 1048 baptizatis,
500 969 613 1047 penitus
625 966 813 1046 denegetur.’'

230 1077 277 1130 19.
300 1070 446 1130 “lufirmis
460 1067 495 1127 de
508 1086 629 1140 quorum
641 1078 732 1125 morte
746 1060 894 1126 timetur'’¹
903 1064 1091 1124 ministranda
1098 1075 1153 1135 est,
1163 1067 1194 1126 hi
1204 1068 1277 1125 enim

188 1190 258 1230 voce
271 1171 448 1230 infirmomm
462 1168 569 1226 viribus
590 1165 783 1225 deficientium
801 1165 865 1224 αθ.
881 1152 1224 1242 Jacoboliutelliguntur:
1245 1167 1276 1225 iis

190 1273 268 1343 “qui
281 1288 338 1347 prae
349 1268 431 1326 senio
440 1265 587 1333 deficiunt,
597 1273 625 1322 et
638 1266 667 1324 iu
680 1265 757 1324 diem
768 1264 1047 1331 videnturmorituri,
1057 1265 1146 1324 etiam
1157 1267 1219 1323 sine
1228 1266 1277 1324 alia

189 1367 373 1429 infirmitate''
388 1367 541 1424 ministrari
554 1373 658 1441 potest
699 1365 733 1423 Si
752 1364 869 1422 morbus
882 1362 982 1420 mortis
995 1363 1158 1438 periculum
1171 1365 1274 1432 afferat,

188 1470 284 1528 unctio
302 1468 363 1525 fieri
378 1465 490 1542 poterit,
505 1465 636 1536 quamvis
656 1463 785 1521 infirmus
804 1482 864 1522 non
885 1462 922 1519 sit
941 1462 972 1520 in
994 1463 1077 1521 exitu
1100 1464 1167 1521 vite
1190 1463 1275 1522 adhue

187 1569 310 1645 positus.
333 1574 353 1601 ‘⁴
366 1565 435 1623 Non
449 1563 714 1622 ministreturetiam
723 1562 851 1639 praelinm
865 1561 988 1628 inituris,
996 1569 1046 1620 aut
1057 1563 1274 1639 navigationem,

188 1677 235 1724 aut
254 1664 521 1743 peregrinationem,
536 1672 584 1721 aut
602 1661 656 1719 alia
668 1662 796 1738 pericula
808 1660 954 1728 subituris,
968 1667 1017 1718 aut
1029 1660 1087 1718 reis
1099 1661 1202 1721 ultimo
1215 1680 1274 1737 sup

187 1766 276 1842 plicio
289 1762 457 1832 efficiendis,
472 1772 521 1820 aut
533 1761 630 1838 pueris
640 1762 755 1819 rationis
765 1779 849 1819 usum
858 1777 916 1818 nou
928 1757 1134 1818 habentibus.”
1176 1760 1272 1820 Pueris

188 1865 238 1938 qui
248 1865 316 1921 satis
330 1871 479 1939 compotes
492 1860 608 1919 rationis
622 1859 761 1927 visisunt,
774 1868 808 1917 ut
819 1874 937 1936 peecare
947 1867 1079 1935 possent,
1088 1857 1172 1917 datur
1184 1859 1274 1918 unctio

188 1973 334 2021 extrema:
356 1969 385 2019 et
407 1959 469 2018 aliis
491 1959 527 2017 de
547 1959 651 2032 quibus
671 1957 822 2024 dubitatur,
835 1957 889 2016 sub
911 1956 1075 2016 conditione
1096 1957 1159 2016 dari
1178 1967 1273 2036 potest.

188 2061 368 2128 Amentibus,
383 2061 408 2117 si
421 2057 515 2117 lucida
528 2057 649 2116 habeant
661 2057 807 2116 intervalla
818 2055 878 2114 dari
892 2064 1003 2132 potest:
1018 2054 1072 2113 sed
1085 2074 1146 2116 non
1154 2057 1272 2116 furiosis:

187 2159 268 2218 datur
280 2160 365 2216 etiarn
379 2158 522 2216 morituris
532 2174 569 2213 ex
582 2155 710 2226 vulnere,
726 2157 771 2215 vel
785 2173 908 2222 veneno,
921 2155 1006 2213 etiam
1023 2156 1075 2228 qui
1090 2165 1212 2215 mortem
1224 2155 1273 2213 sibi

187 2258 397 2323 consciverunt,
412 2255 457 2313 vel
471 2256 520 2328 qui
534 2255 564 2312 in
577 2254 715 2331 singulari
729 2255 883 2314 certamine
893 2253 1023 2330 percussi
1036 2263 1114 2323 sunt,
1124 2253 1273 2315 dnmmodo

187 2356 382 2432 poenitentiam
395 2351 497 2412 deinde
510 2343 632 2430 professi
646 2329 726 2412 sint.0
756 2363 775 2390 ‘⁴
785 2354 933 2414 Parochns
953 2353 1099 2412 unctionis
1120 2371 1272 2413 sacramen·

187 2463 247 2513 tum
262 2454 420 2512 ministrare
440 2471 498 2511 non
519 2451 604 2510 debet
622 2454 788 2512 mulieribus
813 2455 843 2512 in
865 2461 947 2529 partu
966 2450 1184 2511 laborantibus”
1193 2456 1273 2532 juxta

187 2555 339 2614 concilium
353 2551 589 2611 Mediolanense:
604 2552 640 2608 iis
653 2562 746 2609 tamen
759 2553 790 2610 iu
802 2553 936 2629 proximo
949 2551 1080 2628 periculo
1093 2553 1192 2610 mortis
1211 2561 1270 2609 actu

188 2655 366 2713 versantibus
380 2652 532 2710 ministrari
546 2658 649 2726 potest.

225 2758 274 2811 20.
290 2751 376 2810 Haud
387 2750 596 2827 expectandum
606 2758 659 2816 est,
669 2760 701 2806 ut
710 2749 804 2808 omnis
815 2751 878 2807 vitae
889 2766 956 2826 spes
968 2749 1076 2808 amissa
1085 2750 1181 2818 fuerit,
1190 2751 1231 2808 vel
1245 2760 1274 2807 ut

188 2862 309 2930 egrotus
336 2852 467 2908 sensibus
490 2849 639 2908 destitutus
665 2848 718 2906 sit:
746 2849 914 2925 gravissime
939 2849 1017 2907 enirn
1043 2860 1175 2925 peceant,
1197 2851 1275 2926 juxta

188 2950 407 3010 catechismum
420 2950 584 3008 Romanum
604 2947 653 3020 qui
676 2946 747 3005 adeo
768 2946 903 3006 differunt
915 2948 1093 3006 unctionem.
1136 2946 1171 3007 Id
1184 2948 1218 3006 de
1231 2966 1275 3023 pa·

188 3051 277 3109 rocho
290 3051 374 3126 culpa
387 3068 439 3107 sua
451 3047 598 3106 differente
612 3064 720 3124 ungere
734 3046 936 3105 moribundum
950 3046 1000 3120 qui
1012 3047 1083 3123 ungi
1096 3048 1167 3124 petit
1179 3047 1275 3106 intelli·

187 3149 311 3226 gendum
325 3148 446 3206 videtur.
489 3145 637 3212 “Ratio,”
662 3146 754 3218 inquit
774 3145 806 3203 S.
821 3145 999 3223 Alphonsus,
1022 3147 1120 3219 “quia
1132 3147 1175 3204 sie
1189 3147 1274 3222 priva·

185 3259 229 3305 tur
242 3249 372 3306 infirmus
386 3246 510 3304 uberiori
533 3245 628 3302 fructu
649 3263 736 3317 quem
759 3245 927 3321 recepisset,
948 3243 973 3300 si
998 3245 1175 3321 suscepisset
1187 3263 1274 3302 saera·

186 3355 324 3412 mentum,
350 3345 419 3402 dum
442 3354 500 3400 erat
520 3345 638 3401 rationis
659 3362 788 3420 compos,
812 3362 879 3402 cunr
899 3343 991 3419 magis
1015 3353 1082 3402 tuno
1101 3362 1134 3400 se
1154 3344 1189 3402 ad
1209 3341 1274 3401 illud

188 3443 394 3520 disposuisset;
416 3444 483 3500 item
497 3443 564 3513 quia
577 3444 703 3518 privatur
715 3442 905 3519 spiritualibus
919 3443 1026 3500 viribus
1040 3441 1075 3500 ad
1088 3442 1273 3501 resistendum

187 3542 319 3609 daemoni,
334 3540 409 3600 etad
422 3539 589 3617 perferenda
602 3541 694 3600 morbi
708 3541 907 3610 incommoda3
921 3542 1000 3609 item,
1015 3543 1082 3615 qnia
1095 3543 1236 3609 infirmus,
1251 3541 1272 3596 si

223 3747 265 3812 (1)
285 3744 333 3795 Rit.
344 3744 416 3794 Rom.
429 3742 594 3807 Anabaptistoe
608 3742 740 3806 Anglieani
759 3743 818 3792 olim
834 3745 959 3805 ungebant
976 3748 1094 3805 egrotos:
1113 3752 1128 3776 ‘⁴
1138 3742 1173 3792 So
1190 3743 1228 3792 for
1238 3755 1273 3790 ex·

186 3837 261 3882 troam
272 3830 413 3882 unctiones
425 3829 467 3879 the
478 3829 537 3889 sicli,
548 3829 642 3893 spoken
653 3829 681 3877 ol
693 3829 720 3878 in
730 3829 814 3878 lemos
825 3845 849 3879 v.
863 3831 902 3890 14,
917 3833 955 3890 15,
967 3831 1014 3880 Mr.
1026 3828 1125 3879 Russen
1136 3829 1166 3878 of
1172 3827 1272 3892 Hythin

187 3915 261 3976 Kent,
273 3933 288 3966 a
299 3917 368 3981 place
378 3913 463 3965 thetis
473 3914 519 3964 fult
529 3913 630 3963 ofthese
641 3914 734 3977 peopls,
745 3930 816 3977 says:
828 3914 853 3962 ‘l
865 3929 906 3963 um
916 3930 973 3965 suro
983 3914 1003 3965 it
1012 3914 1101 3965 isboth
1109 3913 1172 3963 their
1178 3912 1273 3977 opinion

185 4002 234 4051 and
244 4002 356 4067 practice,
366 4017 393 4051 ss
407 4007 433 4050 to
444 4016 518 4060 some,
530 3998 580 4049 tho'
592 3999 707 4063 probably
718 3999 751 4049 nll
761 3999 794 4049 do
804 4005 849 4049 not
858 4015 904 4049 uss
915 3999 951 4049 it’
986 3999 1016 4049 P.
1027 3999 1054 4049 S.
1072 3999 1136 4048 This
1153 3999 1164 4047 Ι
1184 3997 1236 4047 find
1251 4003 1272 4044 to

185 4085 214 4132 be
226 4085 351 4135 consessed
362 4084 429 4134 mnes
439 4084 471 4146 by
484 4083 531 4131 Mr.
542 4082 642 4132 Sennet.
678 4081 730 4134 But
746 4082 778 4132 be
794 4083 849 4132 tells
865 4098 913 4143 me,
922 4082 942 4131 it
958 4082 980 4132 is
995 4083 1040 4133 bnt
1050 4082 1129 4145 rarely
1140 4077 1270 4146 prsetised:

188 4167 237 4216 und
247 4169 300 4219 that
310 4175 355 4219 not
369 4170 409 4234 (as
420 4168 461 4217 the
473 4167 570 4232 Papists
578 4182 622 4217 use
633 4167 665 4233 it)
678 4166 737 4231 only
746 4183 773 4216 or
784 4166 905 4231 chieflyin
912 4181 980 4216 ceses
989 4166 1127 4231 desperate3
1139 4167 1183 4215 but
1189 4163 1271 4224 mostly

185 4252 212 4300 in
223 4252 298 4316 hopes
310 4253 339 4302 οἰ
350 4268 470 4316 recovory,
482 4251 530 4303 end
540 4253 577 4301 sor
588 4252 641 4302 that
651 4251 723 4302 end.'’
758 4250 835 4313 Wull,
846 4251 913 4302 Hist.
925 4250 1016 4320 Insunt
1027 4251 1155 4320 Baptism,
1165 4264 1190 4314 p.
1201 4250 1226 4299 ii.
1237 4247 1270 4298 oh·

185 4349 235 4382 cru.
