2640 4860
356 232 374 263 Χ

298 373 357 434 ΒΕ
378 372 553 434 GASUUM
573 374 915 438 RESERVATIONE.
1087 382 1148 441 295

52 539 334 601 confessariusnon
354 558 441 618 posse
461 541 608 601 absolvere
631 562 648 600 a
676 545 816 613 censuris,
839 545 954 618 qnando
973 555 1040 604 suut
1061 565 1150 606 reser-

56 634 184 696 vatae.’'²
498 648 502 653 '

104 740 172 801 170.
194 737 366 816 Peregrinus
387 748 535 815 peccatum
548 750 722 799 reservatum
737 741 765 799 in
780 741 894 800 dioecesi
908 743 938 800 in
951 762 1008 816 qua
1020 755 1148 803 moratur

57 844 188 911 patrans,
201 837 385 896 reservationi
403 840 540 918 subjacet,
555 840 623 914 quia
641 840 752 916 legibus
773 841 830 899 loci
850 849 968 909 tenetur,
983 861 1041 901 non
1055 851 1148 902 tamen

57 936 512 1006 excommunicationem‚siforte
525 939 695 1008 adnexuit,
710 940 857 1008 contrahit,
871 959 938 998 nam
948 942 997 1017 jus
1005 942 1148 1000 decernit:

59 1042 82 1068 ‘⁴
94 1036 172 1093 solos
181 1036 311 1095 subditos
322 1038 527 1114 comprehendi
535 1040 588 1097 sub
598 1040 891 1098 excommunicatione
901 1041 956 1098 lata
966 1041 1000 1097 ab
1013 1041 1150 1117 episcopo

55 1151 113 1208 pro
144 1134 247 1194 futuris
271 1128 433 1195 ι10110110.”2
485 1139 636 1215 “Excipit
661 1140 807 1197 Mazzotta
835 1140 1145 1198 excommunicationes

59 1233 625 1314 quaeferunturperstatutumrespiciens
634 1257 785 1297 commune
794 1239 899 1297 bonum
908 1239 1048 1307 territorii,
1057 1229 1150 1296 etc.”³

106 1335 172 1391 171.
195 1334 330 1394 Persona
350 1335 426 1393 haud
445 1345 584 1413 exempta
604 1347 752 1413 peccatum
771 1347 942 1396 reservatum
963 1346 1104 1414 patrantes
1118 1339 1148 1396 in

60 1433 252 1501 monasteriis,
267 1452 317 1492 sen
330 1435 403 1493 locis
417 1434 480 1493 aliis
493 1437 645 1512 exemptis,
656 1439 875 1495 reservationem
890 1436 1068 1504 contrahunt,
1083 1438 1149 1508 quia

58 1531 215 1590 reservatio
229 1531 316 1590 afficit
328 1541 495 1609 potestatem
515 1533 763 1603 confessariorum,
779 1536 828 1608 qui
841 1535 960 1611 proinde
973 1554 1037 1594 reos
1051 1535 1147 1593 delicti

59 1629 228 1708 hujusmodi
241 1631 387 1690 absolvere
400 1642 555 1705 nequeunt.

105 1733 172 1789 172.
195 1729 253 1797 Qui
273 1739 434 1807 peccarunt,
448 1740 527 1790 extra
546 1750 627 1790 suam
642 1731 798 1800 dioecesim,
813 1733 843 1789 in
864 1732 918 1790 alia
939 1733 968 1790 in
991 1752 1048 1806 qua
1070 1733 1148 1792 nulla

35 1864 39 1869 -
58 1826 117 1887 fuit
129 1831 293 1899 reservatio,
307 1839 453 1903 nequeunt
465 1831 571 1888 absolvi
585 1831 613 1888 in
629 1832 718 1907 patria
731 1851 746 1888 a
760 1830 863 1889 delicto
878 1832 954 1903 quod
967 1833 997 1890 in
1010 1851 1044 1889 ea
1057 1850 1147 1891 reser-

60 1936 154 1996 11101,
165 1929 233 2001 quia
242 1929 407 1988 confessarii
420 1938 543 2006 potestas
559 1931 593 1988 ab
607 1931 744 2007 episcopo
754 1930 811 1989 loci
824 1929 937 2006 pendet.

105 2031 172 2086 173.
194 2029 243 2087 Ex
252 2028 381 2086 facultate
395 2029 555 2087 Tridentini
570 2023 698 2087 0011011114
711 2029 841 2106 episcopi
855 2038 976 2105 possunt
998 2029 1143 2087 absolvere

59 2128 230 2203 peregrinos
243 2148 260 2185 a
272 2128 383 2186 casibus
398 2128 484 2203 Papae
504 2130 662 2196 reservatis,
677 2129 762 2188 modo
776 2131 832 2187 sint
844 2129 958 2196 occulti,
972 2130 1039 2200 quia
1054 2137 1073 2164 ‘⁸
1083 2129 1146 2187 sub

60 2223 113 2284 diti
127 2227 212 2286 etiam
225 2226 357 2286 dicuntur
369 2227 438 2284 tales
452 2229 604 2303 peregrini,
619 2228 669 2300 qui
689 2228 718 2286 in
731 2228 792 2287 foro
815 2228 1012 2286 sacramentali
1031 2228 1147 2306 subjici·

58 2336 146 2384 untur
159 2327 296 2402 episcopo
316 2321 528 2384 dioecesano.”⁵
558 2326 638 2384 Idem
658 2327 726 2384 licet
739 2329 850 2385 vicariis
864 2328 1079 2404 capitularibus,
1094 2346 1146 2386 seu

61 2420 346 2493 administratoribus,
361 2424 429 2482 sede
447 2434 577 2483 vacante:
593 2436 621 2482 et
632 2426 717 2502 juxta
730 2427 893 2501 plerosque,
908 2429 943 2486 iis
958 2429 1006 2499 qui
1016 2426 1150 2504 jurisdic-

61 2522 168 2583 tionem
179 2525 261 2596 quasi
271 2511 463 2601 episcopalem
477 2524 590 2582 habent.
632 2524 778 2582 Eaautem
792 2525 908 2582 facultas
922 2526 1037 2583 nonnisi
1046 2527 1075 2583 in
1086 2525 1148 2582 foro

60 2624 260 2682 sacramentali
273 2609 431 2681 exercenda
443 2633 496 2680 est.
526 2623 558 2681 Si
581 2624 732 2699 episcopus
756 2624 817 2698 ipse
841 2623 970 2681 inciderit
988 2624 1018 2681 in
1039 2625 1146 2680 crimen

61 2721 239 2800 hujusmodi,
263 2722 395 2800 “poterit
415 2722 549 2800 deputare
578 2723 723 2799 proprium
744 2722 834 2798 ipsius
855 2722 1070 2789 confessarium,
1086 2730 1147 2780 esto

60 2821 99 2878 sit
120 2831 202 2880 extra
214 2841 294 2880 suam
309 2822 466 2891 dioeeesim,
480 2822 514 2879 ad
534 2841 566 2879 se
587 2821 789 2880 absolvendum
809 2840 874 2879 cum
894 2819 993 2878 eadem
1016 2821 1147 2878 facultate

61 2938 118 2993 qua
130 2922 194 2997 ipse
208 2931 306 2998 posset
318 2921 388 2979 alios
403 2923 457 2980 sibi
473 2921 599 2979 subditos
613 2920 790 2978 absolvere.”
825 2919 919 2977 Casus
933 2931 1026 2977 autem
1041 2920 1146 2978 occulti

60 3029 224 3089 censentur,
238 3019 350 3094 quando
364 3021 474 3097 probati
487 3039 545 3078 non
558 3021 666 3078 suntin
684 3019 804 3096 judicio,
819 3019 864 3077 vel
877 3037 932 3076 non
954 3019 1047 3095 palam
1067 3020 1148 3076 inno-

62 3128 185 3187 tuerunt,
199 3121 236 3177 ita
254 3133 286 3177 ut
307 3120 385 3177 nulla
410 3119 639 3196 tergiversatione
660 3119 771 3195 possint
786 3118 883 3192 celari.
918 3117 963 3175 Ea
983 3116 1148 3176 absolvendi

60 3217 178 3276 facultas
193 3218 303 3276 videtur
315 3219 431 3277 extendi
444 3219 478 3276 ad
492 3219 696 3276 reservationes
712 3218 836 3276 concilio
860 3217 1031 3275 Tridentino
1054 3225 1148 3293 poste·

62 3317 161 3386 riores,
176 3319 233 3376 uisi
246 3319 408 3394 specialiter
427 3319 454 3376 ei
467 3318 626 3393 derogetur,
641 3318 681 3375 uti
695 3318 727 3374 fit
739 3317 768 3375 in
786 3317 870 3376 Bulla
886 3315 976 3376 Coena
999 3315 1148 3376 Domini:

62 3424 90 3472 et
109 3417 139 3474 in
160 3416 245 3476 Bulla
264 3417 296 3474 S.
324 3418 371 3476 Pii
391 3417 429 3475 V.
454 3417 483 3475 in
510 3435 566 3488 qua
585 3416 722 3475 moniales
741 3417 903 3494 frangentes
924 3417 1084 3476 clausuram
1112 3417 1148 3476 ad

63 3516 169 3574 malum
178 3517 275 3584 finem,
286 3535 399 3575 necnon
407 3517 553 3593 licentiam
562 3515 761 3585 concedentes,
771 3517 1021 3585 comitantes‚ete.‚
1033 3535 1150 3575 excom·

64 3615 247 3674 munientioni
260 3618 417 3693 subjacent,
433 3624 452 3651 ‘⁶
462 3637 478 3674 a
488 3635 544 3688 qua
554 3625 739 3691 preterquam
752 3637 768 3674 a
781 3617 915 3675 Romano
929 3616 1080 3683 Pontifice‚
1093 3616 1150 3673 nisi

64 3713 92 3769 in
106 3714 206 3773 mortis
219 3715 345 3784 articulo,
361 3715 469 3773 absolvi
483 3713 656 3787 nequeant.”

104 3818 171 3872 174.
192 3814 334 3892 Episcopi
347 3824 491 3887 nequeunt
503 3813 681 3872 absolverea
694 3814 805 3870 casibus
817 3810 936 3870 occultis
950 3809 1100 3866 reservatis
1114 3808 1148 3865 ab

66 3910 125 3970 aliis
137 3913 291 3991 episcopis,
306 3915 373 3988 quia
389 3913 505 3972 facultas
519 3913 689 3970 Tridentina
700 3912 818 3987 respicit
831 3927 914 3967 casus
933 3907 1002 3964 Sedi
1024 3907 1148 3982 Aposto-

101 4111 140 4174 (1)
160 4108 190 4157 L.
201 4109 234 4158 vi.
245 4125 270 4158 n.
283 4111 341 4157 590.
584 4108 626 4172 (2)
641 4105 702 4168 Gap.
714 4105 737 4151 A
749 4102 826 4160 nobis,
838 4100 868 4151 de
878 4105 941 4151 seat.
952 4115 1043 4151 excom.
1051 4099 1080 4150 ia
1092 4101 1115 4146 6.

101 4196 141 4260 (3)
160 4195 186 4242 S.
198 4194 274 4258 Alph.
286 4195 302 4243 1.
313 4194 346 4242 vi.
356 4210 381 4242 11.
394 4196 451 4242 591.
588 4192 629 4256 (4)
650 4189 714 4236 Sess.
728 4187 794 4236 xxiv.
805 4187 866 4252 Cap.
875 4185 966 4235 Liceat.

101 4281 141 4344 (5)
160 4279 185 4328 S.
200 4279 275 4344 Alph.
286 4280 302 4328 1.
315 4280 345 4328 vi.
357 4295 382 4328 n.
394 4282 451 4328 593.
587 4278 629 4342 (6)
648 4273 747 4323 Ibidem.

89 4389 179 4453 voe.
192 4362 331 4453 111-10
