2640 4860
466 400 523 460 DE
545 399 840 461 SPONSALIBUS.
1139 410 1204 464 285<

107 569 225 645 junctae
241 574 374 624 ceterum
387 565 544 625 cavendnm
557 567 689 626 uelamen
703 567 816 626 alterius
837 567 973 626 inferatur
985 569 1098 646 injuria,
1113 570 1200 630 tidem

111 667 204 725 datam
219 676 326 723 temere
339 664 475 734 fallendo,
486 664 608 739 ideoque
621 665 751 724 standum
762 676 806 724 est
815 667 976 743 promissis,
985 669 1094 726 cautela
1103 674 1201 727 neces·

109 767 185 823 saria
195 763 322 821 adhibita
334 774 365 821 ut
374 764 463 841 prolis
477 763 638 822 educationi
651 764 794 824 catholicae
808 765 998 841 provideatur.

152 868 180 922 6.
203 863 245 921 Ut
262 863 367 921 liceant
386 863 540 939 sponsalia,
561 862 665 922 debent
683 864 757 921 inter
776 882 826 922 eos
848 863 910 921 fieri
924 866 997 923 inter
1009 884 1081 938 quos
1095 868 1201 944 nuptie

110 961 257 1021 conciliari
271 970 379 1033 queunt
392 963 498 1035 absque
511 963 590 1038 gravi
602 962 773 1020 familiarum
794 962 935 1021 discordia
954 973 983 1021 et
1001 964 1200 1025 incommodo:

110 1061 220 1119 nemini
234 1060 311 1118 enim
325 1061 391 1119 licet
403 1080 434 1119 se
448 1062 573 1139 obligare
587 1061 621 1119 ad
635 1061 663 1120 id
679 1061 755 1135 quod
768 1061 797 1119 in
811 1062 998 1138 plurimorum
1013 1073 1110 1139 vergat
1122 1064 1200 1123 dam·

110 1179 190 1218 uum.
233 1158 267 1217 In
281 1158 334 1217 hac
348 1160 464 1233 quidem
478 1161 604 1237 regione,
618 1162 667 1220 ubi
679 1161 757 1219 nulla
770 1161 932 1238 agnoscitur
941 1163 1073 1239 prosapia
1086 1163 1201 1230 nobilis,

109 1277 212 1319 omnes
234 1269 384 1317 censentur
405 1259 506 1318 eodem
527 1259 633 1337 gradu:
656 1261 787 1334 quamvis
807 1279 904 1318 revera
916 1262 1071 1338 plurimum
1085 1263 1158 1320 inter
1170 1280 1202 1319 se

109 1358 321 1434 distinguantur
333 1358 378 1417 vel
391 1377 505 1436 genere,
526 1359 572 1417 vel
593 1359 709 1428 divitiis,
729 1359 776 1417 vel
795 1379 913 1418 munere
927 1361 1051 1437 publico.
1093 1360 1203 1420 Condi·

109 1458 220 1515 tionum
248 1455 408 1516 diversitate
427 1458 557 1534 neglecta
583 1460 751 1535 plerumque
771 1458 867 1517 licebit
892 1461 1037 1537 sponsalia
1061 1460 1200 1537 implere;

109 1575 176 1614 narn
197 1565 346 1633 parentum
368 1568 397 1614 et
416 1557 641 1634 propinquorum
656 1559 830 1635 objectiones
851 1577 887 1616 ex
901 1561 965 1617 vitae
979 1559 1141 1618 conditione
1156 1559 1204 1618 de·

95 1664 230 1735 ¹sumptae
244 1672 302 1714 non
316 1655 419 1715 debent
440 1656 523 1715 facile
542 1659 601 1715 vim
621 1658 747 1716 obtinere
768 1668 865 1716 contra
880 1658 930 1733 jus
944 1668 1050 1716 certum
1065 1677 1102 1717 ex
1115 1677 1202 1736 spon·

109 1756 216 1814 salibus
231 1764 342 1813 ortum:
364 1765 487 1815 attamen
507 1775 721 1830 nonnumquam
743 1755 929 1816 rescindenda
941 1766 1031 1815 erunt.
1073 1757 1201 1826 Quodsi

110 1855 264 1913 extorserit
276 1855 339 1927 quis
352 1855 484 1932 copulam
498 1876 515 1913 a
527 1856 623 1932 puella
642 1856 771 1923 honesta,
786 1857 967 1932 sponsalibus
986 1875 1051 1914 cum
1065 1876 1099 1914 ea
1112 1857 1199 1924 initis,

110 1962 222 2011 tenetur
234 1971 297 2011 eam
311 1952 424 2022 ducere,
437 1953 505 2012 lieet
518 1955 694 2028 aliquatenus
717 1956 754 2013 sit
773 1956 900 2024 inferior,
922 1954 1079 2014 dummodo
1091 1975 1149 2015 non
1163 1958 1202 2014 sit

109 2051 281 2111 humillime
294 2050 475 2122 conditionis,
497 2072 560 2126 qnae
581 2053 695 2112 familie
715 2053 827 2112 afferret
847 2053 987 2113 dedecus:
1010 2054 1122 2113 “Casu
1144 2073 1202 2127 quo

110 2169 238 2228 sponsus
260 2150 290 2207 vi
309 2151 506 2227 promissionis
526 2152 659 2230 copulam
680 2155 832 2212 extorserit
844 2174 861 2211 a
874 2154 992 2232 virgine,
1006 2153 1052 2212 vel
1065 2173 1082 2210 a
1095 2153 1202 2213 semina
1301 2175 1303 2178 ’

110 2249 244 2317 honesta,
258 2257 324 2306 tunc
337 2250 456 2308 omuino
466 2259 575 2308 tenetur
588 2271 652 2310 eam
665 2251 768 2311 ducere
780 2273 787 2309 :
809 2253 875 2323 quia
885 2251 1008 2327 proditio
1021 2253 1201 2329 virginitatis,

110 2357 159 2407 aut
170 2349 254 2406 bouae
267 2346 349 2404 famae
363 2355 407 2404 est
419 2366 464 2406 res
479 2349 570 2425 pretio
583 2348 800 2417 inaestimabilis,
812 2367 874 2421 quac
884 2350 1027 2425 prevalet,
1041 2359 1089 2409 aut
1101 2350 1202 2410 saltem

111 2445 262 2521 aequivalet
275 2447 408 2504 excessui
420 2445 593 2524 disparitatis
606 2442 755 2523 sponsi.”l

150 2551 180 2606 ἵ.
202 2544 309 2604 Utrum
323 2545 454 2604 alteruter
466 2546 593 2606 occultos
606 2544 732 2604 delectus
746 2546 824 2605 alteri
838 2546 968 2624 detegere
982 2556 1119 2614 teneatur,
1134 2546 1203 2607 dum

111 2645 248 2704 ineuntur
259 2643 415 2721 sponsalia,
429 2646 552 2704 velante
565 2647 689 2721 nuptias,
703 2646 846 2719 queritur.
877 2644 1001 2704 Constat
1012 2644 1137 2703 desectus
1152 2646 1203 2718 qui

110 2743 271 2820 perniciem
292 2742 414 2802 afferunt
433 2762 497 2802 esse
518 2744 750 2812 manifestandos,
771 2744 816 2801 vel
839 2763 856 2800 a
876 2745 983 2820 nuptiis
1006 2742 1200 2802 absistendum

110 2861 194 2900 esse:
216 2861 283 2902 nam
304 2843 413 2901 nemini
432 2843 499 2902 licet
518 2862 582 2901 cnm
604 2843 690 2902 altero
711 2844 802 2902 inscio
821 2842 986 2900 contrahere
999 2843 1028 2899 in
1042 2841 1104 2918 ejus
1118 2841 1203 2900 detri-
1277 2916 1280 2921 Ι

111 2951 252 3000 mentum.
295 2940 375 3000 Hinc
398 2942 448 3014 qui
471 2943 572 3001 morbo
592 2960 725 3009 venereo,
740 2942 785 3000 vel
795 2942 850 3000 alio
870 2942 1046 3018 contagioso,
1061 2939 1107 2999 vel
1120 2941 1200 3017 lepra

109 3040 230 3110 laborat,
244 3044 344 3114 nequit
362 3041 508 3117 sponsalia
527 3040 704 3108 contrahere,
725 3041 781 3100 nisi
804 3041 833 3099 in
854 3040 948 3098 animo
969 3039 1071 3097 habeat
1089 3040 1203 3115 nuptias

110 3138 188 3198 haud
201 3139 274 3198 inire
288 3148 438 3212 antequam
452 3158 487 3198 eo
499 3141 642 3208 liberetur,
663 3141 708 3199 vel
721 3141 808 3199 altero
820 3139 939 3207 monito,
954 3148 983 3197 et
995 3139 1201 3197 consentiente.

112 3238 145 3296 si
159 3237 288 3297 desectus
302 3239 397 3296 minus
410 3248 541 3307 noceant,
563 3257 621 3298 non
641 3249 751 3298 tenetur
771 3241 835 3312 quis
849 3237 884 3296 ad
897 3257 946 3296 eos
960 3238 1201 3306 manifestandum

112 3355 166 3396 nec
180 3337 259 3396 enirn
273 3339 316 3396 sic
328 3337 384 3394 sert
394 3338 581 3406 cousuetudo,
596 3347 624 3396 et
636 3339 723 3397 nimis
736 3318 821 3416 'grave
831 3337 904 3395 foret
915 3357 965 3396 eos
976 3336 1118 3416 detegere,
1133 3355 1202 3414 prae·

111 3436 210 3496 serum
224 3454 290 3494 cum
302 3436 348 3493 sni
360 3437 466 3511 probro
480 3446 508 3495 et
519 3437 648 3495 infamia.
669 3437 728 3503 Qui
741 3436 894 3514 epilepsim
905 3439 1019 3513 patitur,
1031 3438 1080 3495 vix
1093 3446 1204 3495 tenetur

112 3534 147 3593 ad
160 3553 226 3592 eam
240 3533 439 3593 declarandam
452 3544 516 3593 ante
529 3535 654 3613 nuptias.
682 3536 753 3604 Quae
767 3537 864 3614 puella
877 3537 973 3594 vitiata
985 3545 1037 3604 est,
1052 3556 1111 3596 non
1124 3548 1202 3594 tene·

113 3633 350 3692 torneamenti
363 3633 510 3693 delictum.
552 3633 638 3701 Quod
658 3638 683 3694 si
707 3636 878 3712 interrogata
897 3634 969 3693 illud
987 3645 1081 3711 neget,
1103 3634 1200 3710 plures

113 3748 175 3791 eam
201 3732 310 3791 habeut
328 3740 503 3802 excusatam,
530 3752 565 3792 eo
585 3733 663 3806 quod
688 3752 859 3809 responsum
879 3730 1094 3807 intelligendum
1114 3732 1152 3788 sit
1164 3729 1200 3786 de

112 3827 215 3889 delicto
229 3829 305 3903 quod
318 3831 398 3889 lateri
411 3840 545 3890 teneatur.
587 3832 697 3904 Nequit
715 3841 810 3889 tamen
830 3829 911 3888 alteri
932 3829 1038 3887 nubere
1059 3844 1123 3900 que
1138 3828 1201 3902 jam

113 3929 146 3986 ab
159 3928 217 3988 ulio
231 3937 275 3987 est
287 3918 412 4012 gradida,
435 3931 502 4003 quia
523 3931 628 4009 injuria
647 3931 673 3987 ei
692 3928 771 3986 fieret
790 3928 911 3987 alienam
925 3925 1036 4004 prolem
1048 3925 1198 3983 nutrituro.

114 4024 183 4093 Quae
196 4027 290 4086 filium
300 4029 379 4087 alteri
389 4030 451 4106 jam
464 4030 586 4106 peperit,
599 4047 657 4088 non
670 4037 780 4086 tenetur
789 4025 857 4084 illud
871 4024 969 4083 fateri:
991 4023 1042 4081 sed
1052 4040 1104 4081 nec
1118 4021 1201 4080 debet

115 4130 219 4185 temere
232 4144 264 4186 se
278 4125 436 4196 discordie,
446 4127 606 4205 jurgiisque
619 4124 783 4186 domesticis
796 4124 929 4200 objicere,
950 4122 975 4180 si
988 4120 1152 4180 verosimile
1163 4121 1201 4180 sit

483 4329 525 4396 (l)
545 4327 653 4394 salph.
665 4328 681 4379 l.
692 4326 724 4376 vi.
735 4341 761 4376 u.
772 4327 830 4374 851.
