2640 4860
344 216 402 279 mc
422 214 694 279 uteremur
714 202 872 281 rosus.
1094 227 1149 284 aar

56 385 119 445 bis:
142 381 242 461 “Ego
254 383 409 444 teabsolro
422 405 440 444 a
452 385 576 462 peccatis
597 386 652 446 tuis
672 387 703 446 in
721 388 839 447 nornine
851 387 956 457 Patris,
976 397 1006 446 et
1023 387 1103 459 Filii,
1124 398 1154 449 et

56 485 185 562 Spiritus
204 483 316 543 Sancti.
335 484 470 554 Amen;”
490 502 577 564 possa
596 485 705 559 absque
724 487 809 564 culpa
827 481 945 556 omitti,¹
964 505 1052 561 quum
1067 487 1102 547 de
1115 490 1152 549 iis

59 593 170 644 motum
184 583 261 642 dicat
273 584 426 644 concilium
440 584 641 646 Tridentinum
655 604 704 645 eas
721 584 757 644 de
777 587 918 645 Ecclesiae
931 604 1010 645 more
1029 587 1154 650 landabi-

56 685 119 744 liter
132 678 278 761 adjungi.2
321 700 323 708 ’

96 787 128 843 9.
150 783 307 842 “Dextera
321 800 420 842 versus
433 784 617 861 poenitentem
631 784 760 844 elevata”
783 785 892 861 profert
903 785 1035 844 sacerdos
1049 787 1150 847 verba:

60 882 388 943 “Misereatrrrtnietc.'’
398 895 427 941 et
435 883 619 943 absolutionis
629 885 827 959 quaesequitur
835 885 1025 954 formam,sed
1035 904 1151 946 manum

58 1000 116 1041 non
143 983 277 1058 imponit,
298 1000 365 1041 nam
386 980 451 1039 “ad
463 982 519 1040 hoc
532 993 740 1042 sacramentum
759 1002 819 1043 non
841 984 992 1058 requiritur
1012 1004 1151 1045 manuum

58 1073 256 1160 impositio.”³
295 1079 503 1140 Emendandus
536 1082 642 1142 idcirco
675 1093 718 1141 est
747 1083 924 1157 quorundam
951 1102 1015 1142 mos
1048 1103 1150 1145 manns

58 1182 144 1258 capiti
157 1181 377 1257 imponentium.

101 1284 149 1337 10.
172 1278 311 1338 Conditio
324 1278 401 1337 nulla
414 1287 520 1337 temere
543 1279 703 1358 adjicienda
716 1289 759 1339 est
772 1281 887 1350 formae3
909 1280 961 1341 sed
981 1282 1150 1359 simpliciter

58 1387 101 1436 est
113 1378 294 1456 proferenda,
306 1379 363 1438 nisi
375 1379 546 1455 gravissima
558 1378 675 1438 suadeat
687 1382 774 1438 ratio:
796 1400 863 1440 nam
882 1382 912 1439 in
932 1383 987 1439 ritu
1000 1382 1034 1440 ab
1049 1382 1151 1440 Eccle-

58 1478 100 1535 sia
112 1479 280 1556 praescripio
300 1497 359 1537 non
378 1488 422 1536 est
444 1478 526 1537 facile
547 1478 615 1553 quid
628 1479 804 1538 mutandum.
845 1479 990 1554 Equidem
1004 1482 1029 1539 si
1043 1481 1151 1540 dubitet

58 1576 191 1636 sacerdos
205 1586 299 1636 utrum
320 1578 396 1636 vivat
414 1587 556 1654 peccator,
571 1577 718 1636 absolvere
738 1579 851 1654 poterit,
871 1579 1032 1638 conditione
1053 1581 1149 1640 animo

58 1685 207 1754 concepta,
220 1677 268 1735 vel
281 1696 350 1735 voce
364 1677 489 1754 prolata:
512 1678 620 1736 “Situ
634 1694 665 1734 es
679 1695 780 1752 capax,
802 1677 918 1737 absolvo
930 1688 959 1735 te
973 1688 1016 1737 etc
1026 1679 1057 1736 :’'
1081 1699 1148 1739 nam

58 1777 161 1835 animae
175 1775 331 1835 discrimen
344 1777 410 1834 facit
423 1785 453 1833 ut
464 1777 550 1834 liceat
561 1794 740 1851 quacumque
753 1776 861 1835 ratione
875 1777 1025 1835 subvenire
1038 1778 1151 1854 pericli·

58 1876 138 1934 tanti.
181 1875 269 1933 Multi
283 1877 378 1944 etiam,
393 1894 459 1933 cum
473 1876 506 1933 S.
520 1876 683 1954 Alphonso,
704 1884 805 1951 putant
824 1875 933 1934 absolvi
945 1895 1031 1953 posse
1042 1894 1147 1953 pueros

57 1973 210 2048 dequibus
224 1973 376 2044 dubitatur,
390 1983 484 2033 utrum
503 1975 613 2052 peccati
632 1973 769 2033 malitiam
789 1977 856 2034 satis
871 1977 1009 2045 noverint,
1024 1974 1099 2033 etde
1113 1993 1148 2036 eo

57 2074 107 2132 rite
122 2072 252 2133 doleant:
274 2074 350 2147 quod
365 2075 451 2133 licere
464 2092 522 2132 non
540 2083 647 2133 tantum
668 2074 697 2133 in
718 2076 816 2133 mortis
835 2076 1010 2143 discrimine,
1032 2084 1060 2133 et
1079 2074 1148 2134 dum

59 2180 141 2250 urget
152 2181 327 2251 preceptum
348 2172 497 2242 Paschale,
521 2173 573 2232 sed
592 2183 621 2232 et
639 2175 755 2251 saepius,
769 2192 806 2232 ne
823 2177 904 2252 pueri
922 2183 1035 2234 careant
1054 2194 1147 2233 sacra-

58 2274 147 2332 menti
161 2276 261 2351 gratia,
275 2269 406 2332 dicunt:⁴
425 2271 476 2329 sed
495 2272 600 2349 apponi
619 2274 718 2345 nequit
736 2272 871 2343 conditio,
892 2293 955 2348 quae
968 2274 1024 2351 ipsi
1038 2274 1148 2332 absolu·

56 2372 130 2431 tione
143 2373 306 2431 necessario
319 2372 446 2440 inhaeret,
461 2389 574 2448 nempe:
588 2373 642 2428 “si
651 2372 703 2429 rite
715 2389 746 2428 es
757 2370 912 2447 dispositus
922 2372 953 2439 ;”
968 2361 1148 2431 nam'Eocle·

58 2472 96 2528 sia
108 2472 209 2545 utique
222 2473 253 2530 in
265 2472 357 2530 forma
369 2471 544 2548 praescripsit
557 2469 695 2544 quidquid
709 2470 863 2546 generatim
876 2468 1078 2547 proferendum
1092 2478 1147 2537 est,

58 2571 101 2629 cui
114 2570 237 2648 proinde
250 2571 323 2653 nihil
336 2570 404 2629 licet
416 2569 581 2648 adjungere.

96 2674 143 2728 ll.
167 2671 230 2729 Sub
244 2669 406 2729 conditione
427 2670 519 2727 sutura
531 2687 590 2727 nou
602 2668 670 2726 licet
682 2667 847 2726 absolvere:
867 2687 902 2724 v:
917 2686 954 2743 g:
976 2666 1094 2725 absolvo
1107 2675 1145 2735 te,

58 2768 213 2829 dummodo
239 2770 397 2827 restitueris
416 2787 476 2826 rem
497 2769 636 2834 alienam:
656 2767 703 2825 vel
728 2765 883 2824 dummodo
903 2765 1061 2823 deserueris
1082 2784 1145 2842 pra·

59 2886 117 2928 vam
131 2869 387 2945 consuetudinem:
408 2887 460 2926 nec
473 2868 548 2926 valet
559 2865 728 2945 hujusmodi
741 2865 890 2933 absolutio,
911 2883 999 2938 quum
1013 2863 1146 2924 sacerdos

58 2969 213 3046 suspendat
222 2968 280 3026 vim
294 2969 357 3046 ejus
368 2986 459 3041 usque
470 2967 505 3024 ad
517 2985 577 3025 rem
588 2975 764 3034 eventuram,
775 2983 831 3039 qua
841 2965 989 3023 eveniente
1004 2964 1146 3024 absolutio

59 3069 153 3142 nequit
165 3069 224 3126 vim
239 3068 374 3136 obtinere,
389 3086 477 3141 quum
486 3068 548 3144 jam
561 3066 735 3143 praeterierit.

95 3171 143 3225 12.
167 3167 273 3225 Causae
282 3167 368 3244 justae
382 3165 580 3234 absolutionis,
595 3165 704 3244 adjecta
717 3161 880 3223 conditione
889 3163 925 3222 de
935 3164 1086 3240 preterito,
1100 3164 1148 3223 vel

59 3268 200 3342 presenti,
215 3264 420 3342 impertiendae,
435 3274 501 3324 sunt
541 3264 566 3323 Ι.
589 3266 622 3323 Si
636 3264 768 3323 sacerdos
791 3263 901 3322 dubitet
912 3274 1008 3323 utrum
1023 3265 1087 3341 jam
1100 3265 1147 3322 ab·

57 3364 204 3424 solutionis
217 3365 305 3423 verba
317 3365 474 3442 protulerit,
488 3382 593 3422 necne:
615 3373 682 3423 tunc
705 3365 784 3423 enirn
805 3363 949 3423 absolvere
970 3363 1065 3431 debet,
1080 3382 1147 3422 con·

58 3463 161 3523 ditione
175 3472 270 3523 mente
284 3472 433 3541 concepta,
451 3464 504 3521 “si
515 3471 542 3520 te
556 3482 614 3522 non
625 3463 805 3532 absolverim,
820 3472 847 3522 te
866 3462 1016 3522 absolvo.”
1058 3461 1147 3519 lusi

58 3563 188 3623 sacerdos
203 3563 311 3621 dubitet
330 3573 425 3622 utrum
445 3563 547 3622 habeat
561 3562 791 3640 jurisdictionem
805 3563 835 3621 in
848 3563 1043 3639 penitentem,
1058 3567 1087 3615 et
1099 3575 1144 3615 res

58 3672 169 3739 urgeat:
191 3671 259 3721 tunc
272 3662 350 3722 enim
364 3664 468 3740 poterit
486 3661 632 3720 absolvere
646 3663 700 3721 sub
713 3660 893 3720 conditione:
915 3667 935 3695 “
946 3659 979 3716 Si
993 3658 1103 3716 valeam
1113 3653 1143 3722 ;'’

58 3763 166 3821 monito
179 3770 275 3820 tamen
289 3763 445 3838 poenitente
466 3769 497 3820 ut
516 3761 571 3819 sibi
591 3762 694 3820 certius
714 3761 744 3819 in
758 3767 904 3836 posterum
917 3756 1056 3823 consulat,
1070 3771 1146 3827 que·

57 3859 142 3920 rendo
156 3860 342 3930 confessario,
357 3863 438 3940 cujus
447 3860 611 3939 jurisdictio
624 3859 661 3917 sit
673 3868 764 3917 certa:
780 3876 817 3915 v:
831 3875 868 3933 g:
883 3856 909 3912 si
922 3853 1039 3924 dubitet,
1050 3862 1145 3913 utrum

89 4084 131 4148 (l)
151 4081 179 4129 S.
192 4062 443 4145 Alpn.1.‘vi.n.4so.
781 4080 823 4144 (2)
843 4077 908 4126 Sess.
920 4077 969 4128 xiv.
980 4092 1033 4142 cap.
1044 4076 1078 4127 iii.

90 4168 133 4233 (3)
152 4165 179 4216 S.
194 4165 285 4218 Thom.
297 4165 330 4217 iii.
341 4182 366 4234 p.
376 4183 417 4233 qu.
426 4166 520 4218 lxxxiv.
532 4172 577 4217 nrt.
588 4166 620 4215 iv.
639 4165 716 4232 Resp.
786 4163 828 4230 (4)
849 4162 875 4211 S.
887 4161 962 4228 Alph.
971 4162 987 4212 1.
999 4163 1031 4213 ri.
1043 4178 1069 4213 n.
1080 4163 1138 4212 4³2.
