2640 4860
109 377 170 432 250
388 367 591 429 CANONES
611 367 921 429 POENITENTIAE.

148 538 181 595 Si
195 538 259 610 quis
269 536 413 614 jejunium
425 547 545 610 quatuor
554 536 735 614 Temporum
746 555 804 596 non
813 535 988 607 custodierit,
998 540 1136 616 prenitens
1144 541 1186 598 erit

108 636 170 695 dies
184 635 368 712 quadraginta
381 636 411 694 in
425 655 499 713 pane
512 646 541 693 et
552 654 636 709 aqua.

111 866 248 925 Oenones
262 873 427 945 spectantes
435 874 560 945 peccata
574 872 678 926 contra
691 873 835 945 quartum
849 865 1000 947 Deculogr’
1007 877 1190 949 praeceptum.

150 1039 208 1105 Qui
222 1038 387 1115 parentibus
402 1038 591 1106 maledixerit,
606 1037 790 1117 quadraginta
804 1037 865 1097 dies
878 1039 1021 1116 poenitens
1035 1039 1115 1099 sitin
1129 1059 1193 1117 pane

110 1148 139 1195 et
152 1156 235 1211 aqua.

150 1237 208 1304 Qui
222 1246 352 1312 parentes
366 1236 470 1313 injuria
483 1235 618 1304 affecerit,
633 1246 690 1293 tres
704 1254 804 1295 annos.

151 1335 209 1403 Qui
222 1336 403 1412 percusserit,
420 1354 510 1394 annos
524 1347 645 1411 septem.

155 1435 214 1503 Qui
226 1435 379 1511 expulerit,
391 1434 485 1493 tandiu
498 1435 650 1511 poenitens,
660 1432 785 1507 quandiu
797 1435 826 1492 in
836 1434 978 1511 impietate
988 1438 1181 1512 permanserit.

152 1536 185 1593 Si
196 1536 263 1607 quis
272 1544 370 1592 contra
378 1534 568 1611 Episcopum,
580 1534 740 1602 Pastorem,
751 1544 780 1592 et
788 1533 903 1592 Patrem
914 1552 1000 1593 suurn
1010 1535 1196 1599 insurrexerit,
1231 1584 1235 1592 .

112 1635 141 1691 in
157 1636 329 1693 monasterio
343 1633 475 1693 omnibus
489 1634 666 1692 diebusvitae
680 1652 740 1691 suae
754 1633 949 1710 punitentiam
963 1645 1041 1712 aget.

153 1734 186 1792 Si
201 1736 265 1807 quis
280 1743 378 1792 contra
391 1734 571 1810 Episcopum
584 1733 798 1810 conspiraverit,
809 1731 898 1810 gradu
906 1751 960 1792 sno
973 1735 1162 1793 amovebitur.

153 1833 186 1891 Si
200 1835 264 1906 quis
273 1834 404 1911 episcopi
413 1835 468 1901 sui,
477 1833 724 1892 autministrorum
737 1834 811 1911 ejus,
826 1832 872 1891 vel
879 1833 1000 1909 parochi
1008 1834 1055 1892 sui
1068 1842 1200 1911 praecepta

112 1934 327 2011 contempserit,
336 1933 382 1991 vel
394 1932 521 2000 irriserit,
531 1933 726 2009 poenitentiam
740 1940 804 2010 aget
814 1932 875 1991 dies
888 1932 1079 2011 quadraginta
1091 1934 1121 1992 in
1133 1948 1196 2010 pane

113 2042 143 2089 et
155 2051 238 2106 aqua.

117 2241 254 2302 Uonones
269 2249 435 2322 spectantes
443 2250 568 2322 peccata
582 2250 688 2315 contre
700 2244 841 2324 quintum
854 2242 1007 2324 Deculogi
1014 2251 1197 2325 preceptum.

154 2417 212 2484 Qui
226 2417 425 2494 presbyterum
438 2417 583 2486 occiderit,
597 2420 793 2496 poenitentiam
807 2430 872 2497 aget
886 2438 978 2479 annos
992 2419 1154 2480 duodecim.

154 2517 188 2574 Si
201 2517 265 2590 quis
280 2517 435 2593 Presbyter
448 2519 648 2595 presbyterum
662 2518 809 2588 occiderit,
819 2520 1015 2596 poenitentiam
1028 2530 1104 2597 aget,
1119 2536 1197 2578 annus

115 2617 216 2693 viginti
229 2627 303 2675 octo.

154 2716 186 2772 Si
201 2717 265 2789 quis
276 2716 477 2792 presbyterum
492 2716 576 2774 armis
591 2724 688 2774 contra
701 2736 733 2775 se
746 2717 899 2775 irruentem
907 2717 1056 2785 occiderit,
1068 2718 1199 2794 poenitens

115 2816 168 2873 erit
181 2816 264 2874 annis
278 2815 388 2872 decem.

154 2915 188 2972 Si
209 2915 273 2987 quis
294 2924 402 2992 patrem
424 2926 473 2972 aut
492 2924 623 2982 matrem,
637 2913 751 2973 fratrem
772 2924 820 2973 aut
832 2933 961 2973 sororem
982 2915 1128 2984 occiderit,
1148 2925 1199 2973 toto

115 3014 179 3071 vitae
202 3033 260 3072 suae
288 3024 414 3090 tempore
434 3032 492 3072 non
517 3014 657 3091 suscipiat
682 3013 798 3091 Corpus
823 3014 953 3081 Domini,
973 3016 1031 3074 nisi
1052 3016 1083 3073 in
1109 3015 1197 3074 obitu:

116 3113 252 3170 abstineat
272 3133 288 3169 a
307 3130 392 3170 carne
412 3122 441 3170 et
459 3114 527 3170 vino
547 3113 614 3172 dum
635 3115 756 3183 vixerit;
773 3115 885 3192 jejunet
904 3115 1042 3183 secunda,
1057 3124 1163 3187 quarta,
1176 3126 1198 3171 et

116 3222 198 3267 sexta
210 3211 289 3269 seria.

156 3310 189 3365 Si
204 3321 296 3367 autem
311 3310 419 3366 nolenti
433 3310 544 3379 accidit,
559 3310 659 3369 decern
673 3313 755 3370 annis
768 3314 902 3389 poeniteat
917 3310 1030 3390 judicio
1043 3312 1199 3372 sacerdotis.

156 3407 214 3472 Qui
232 3408 389 3466 voluntarie
403 3409 493 3467 filium
514 3428 610 3479 suurn,
625 3423 674 3469 aut
693 3412 780 3471 filiam
794 3431 886 3480 suam,
900 3411 947 3469 vel
966 3430 1147 3488 germanum,
1161 3421 1202 3469 aut

117 3524 282 3582 germanam
303 3526 383 3565 suam
404 3507 548 3577 occiderit,
562 3511 688 3584 quinque
709 3513 791 3570 annis
812 3521 892 3570 extra
905 3520 995 3569 metas
1015 3512 1109 3588 ipsius
1129 3522 1200 3570 terrae

117 3607 185 3665 exul
198 3607 256 3676 fiat,
271 3606 405 3684 deinceps
419 3609 520 3685 viginti
534 3611 615 3668 annis
628 3612 772 3687 poeniteat.

158 3707 231 3772 Qun
252 3708 356 3765 mulier
375 3708 450 3766 filios
471 3727 540 3767 suos
560 3712 678 3778 necarit,
692 3719 805 3787 peracta
824 3709 967 3786 septennii
987 3710 1166 3786 penitentia,
1178 3711 1203 3768 in

117 3808 321 3867 monasterium
335 3807 449 3866 detrusa
462 3809 647 3868 monasticam
662 3811 748 3869 vitam
762 3819 900 3887 perpetuo
913 3809 1083 3887 regulariter
1096 3819 1168 3888 aget

156 3907 190 3965 Si
205 3926 268 3980 quae
281 3907 392 3976 mulier,
408 3915 474 3985 post
486 3918 609 3983 partum,
623 3909 726 3979 filium,
740 3909 887 3982 filiamque
901 3917 1004 3986 sponte
1023 3907 1200 3974 interfecerit,

117 4007 313 4080 poenitentiam
333 4015 397 4083 aget
409 4026 499 4066 annos
513 4007 674 4077 duodecim,
689 4018 717 4067 et
729 4027 875 4082 nunquam
889 4008 942 4066 erit
955 4009 1018 4066 sine
1032 4007 1203 4086 peonitentia.

157 4104 345 4182 Paupercula,
361 4106 386 4163 si
399 4108 436 4166 ob
450 4107 644 4167 difficultatem
657 4109 799 4168 nutriendi
813 4108 843 4168 id
855 4108 963 4178 fecerit,
978 4127 1070 4168 annos
1084 4117 1201 4187 septem.

157 4201 191 4260 Si
218 4222 282 4276 quae
308 4206 409 4264 mulier
434 4216 537 4285 sponte
566 4210 694 4268 abortum
714 4208 822 4278 fecerit,
846 4208 1044 4284 poenitentiam
1065 4217 1132 4287 aget
1154 4213 1206 4264 tres

119 4317 229 4368 annos3
243 4302 268 4358 si
281 4302 392 4371 nolens,
407 4306 638 4384 quadragesimas
652 4316 718 4366 tres.
