2640 4860
282 372 522 479 ¹&terreorum
541 372 843 443 rmumnurim
1071 380 1131 439 aas
1220 380 1280 435 .··

1226 324 1247 373 ᾗ.
1269 334 1273 341 .

81 542 116 601 si
144 541 208 614 quis
237 540 404 600 adolescens
430 561 497 601 cum
522 543 633 620 virgine
659 545 829 620 peccaverit,
848 426 1044 623 &tiam
1070 555 1135 624 aget
1228 528 1232 537 ¹

39 660 132 701 unum
145 658 263 705 aunum·

81 741 140 808 Qui
153 738 288 817 puellam,
303 748 351 797 aut
363 740 510 799 mulierem
523 739 675 798 libidinose
686 740 893 811 obtrectaverit,
905 742 932 803 si
943 743 1065 805 clericus
1079 754 1133 812 est,

40 840 171 914 quinque
184 837 263 907 dies;
285 839 311 896 si
332 839 432 908 laicus,
454 848 511 898 tres
531 838 591 896 dies
606 840 801 917 poenitentiam
813 848 900 923 agata
915 843 1074 903 monachus
1088 844 1134 903 vel

41 937 176 997 sacerdos
190 957 208 994 a
219 938 378 997 ministerio
391 954 559 1017 suspensus,
574 939 717 1015 poenitens
731 941 784 997 erit
796 938 859 999 dies
872 938 983 1019 viginti

83 1038 117 1096 Si
144 1038 209 1110 quis
234 1039 264 1095 in
290 1037 398 1096 balneis
425 1038 631 1096 cum-muliere
657 1056 689 1096 sc
714 1038 822 1106 laverit,
848 1039 1044 1116 penitentiam
1071 1050 1162 1118 aget·

44 1136 149 1196 triduo.

83 1234 143 1303 Qui
156 1235 333 1312 concupierit
344 1235 496 1311 virginem,
505 1252 591 1311 quam
611 1243 711 1312 postea
727 1255 846 1295 uxorem
860 1236 984 1307 duxerit,
998 1238 1137 1315 preniten-

42 1338 111 1395 tiam
125 1341 191 1410 aget
212 1352 319 1393 annum
341 1353 392 1412 per
416 1334 558 1412 legitimas
570 1334 676 1393 serias:
699 1337 725 1394 si
745 1355 813 1394 vero
833 1356 893 1395 uon
906 1336 1028 1407 duxerit,
1043 1356 1134 1397 annos

45 1435 119 1494 duos
132 1450 185 1509 per
196 1433 340 1511 legitimas
354 1434 452 1493 ferias.

84 1532 182 1591 Vidua
195 1551 258 1607 quae
273 1541 401 1611 stuprum
415 1531 570 1600 admiserit,
586 1533 781 1609 poenitentiam
795 1544 860 1611 aget
869 1554 974 1595 anuum
992 1555 1092 1605 unum,
1106 1546 1135 1595 et

47 1642 186 1711 preterca
199 1632 285 1690 altero
300 1650 375 1692 anno
388 1631 449 1690 dies
459 1632 648 1709 jejuniorum,
651 1630 748 1715 seriis
762 1651 865 1712 nempe
878 1632 1037 1713 legitimis.

87 1731 165 1790 Cum
191 1731 301 1814 duabus
325 1732 470 1790 sororibus
492 1730 878 1809 fornicatum'ponitentiam
899 1744 964 1811 aget
989 1745 1048 1793 toto
1072 1734 1136 1792 vitae

51 1850 110 1891 suae
124 1841 263 1907 tempore.
315 1852 338 1861 ·’

88 1929 147 1997 Qui
160 1908 412 1991 incessuri-feeerit
432 1935 511 2009 (nore
523 1932 569 1991 itu
583 1927 751 2005 enormem)
772 1932 799 1989 ei
819 1933 867 1991 alii
881 1951 1019 1992 annorum
1034 1932 1139 1992 duode-

50 2031 118 2097 cim,
133 2029 182 2088 alii
195 2029 371 2103 quindecim,
386 2031 433 2089 alii
448 2031 558 2098 decem,
569 2031 618 2088 alii
631 2040 739 2107 sepiem
750 2033 942 2106 penitentiam
953 2035 1138 2092 constituunt.

89 2128 273 2202 Quicumque
287 2129 420 2189 sacerdos
434 2130 611 2206 spiritualem
621 2129 710 2189 filiam
724 2130 880 2202 violaverit,
895 2132 1039 2210 dignitatis
1049 2133 1139 2192 hono·

50 2247 111 2287 rem
125 2230 243 2296 amittet,
258 2239 286 2286 et
298 2240 465 2306 perpetuam
479 2230 675 2306 poenitentiam
689 2239 763 2306 aget.

89 2327 148 2394 Qui
161 2328 316 2386 monialem
329 2329 487 2396 violaverit,
502 2330 644 2405 poenitens
659 2330 696 2386 sit
708 2331 789 2387 aunis
804 2330 915 2390 decem.

90 2427 257 2504 Presbyter,
271 2428 295 2485 si
308 2428 525 2487 fornicationem
544 2428 698 2494 admiserit,
713 2439 815 2504 sponte
829 2431 989 2499 consessus,
1006 2431 1143 2508 poeuiten·

53 2529 121 2586 tiam
135 2536 201 2604 aget
213 2546 303 2591 anuos
318 2526 429 2586 decem.

91 2626 150 2693 Qui
173 2645 238 2685 cum
252 2628 340 2685 brutis
363 2627 471 2694 coierit,
496 2627 660 2703 poenitentia
680 2625 818 2684 afficietur
840 2646 979 2686 annorum
1000 2625 1100 2684 decem
1114 2636 1143 2683 ct

53 2724 221 2784 diuturniori
234 2720 318 2784 etiam
333 2745 385 2802 pro
399 2745 528 2803 personae
543 2725 716 2784 conditione.

95 2824 157 2891 Qui
179 2835 277 2882 contra
290 2834 416 2883 naturam
430 2826 539 2892 coierit,
559 2826 585 2882 si
605 2834 706 2882 servus
726 2835 779 2892 est,
799 2825 896 2900 scopis
910 2824 1101 2900 castigabitur,
1116 2833 1146 2881 et

53 2923 205 3003 penitebit
217 2943 307 2982 annos
328 2924 419 2992 duos3
441 2925 466 2982 si
488 2924 561 2982 liber
583 2933 636 2991 est,
657 2932 686 2980 et
710 2924 889 2982 matrimonio
903 2923 1032 3000 junctus,
1053 2940 1144 2981 annos

57 3023 176 3090 decem3
191 3025 216 3081 si
229 3022 348 3092 solutus,
362 3041 453 3081 annos
467 3033 593 3099 septem:
615 3022 706 3099 pueri,
721 3021 782 3079 dies
795 3030 925 3081 centum:
946 3020 1038 3079 laicus
1050 3023 1146 3080 matri·

60 3122 297 3227 moniop‘unetus,
310 3121 338 3181 si
349 3123 379 3181 in
392 3120 597 3180 consuetudine
611 3121 704 3188 habet,
719 3141 808 3180 anuos
822 3116 1004 3197 quindecim:
1026 3121 1051 3178 si
1065 3121 1147 3181 cleri·

54 3241 114 3290 cus,
129 3221 268 3298 de'gradu
282 3220 403 3289 amotus,
425 3231 456 3278 ut
476 3221 565 3280 laicus
589 3221 783 3296 penitentiam
798 3230 879 3299 aget:
899 3221 950 3295 qui
974 3239 1039 3281 cum
1061 3219 1146 3283 tratre

55 3321 109 3380 tale
132 3321 227 3378 scelus
248 3319 402 3389 admiserit,
423 3321 458 3379 ab
482 3321 560 3378 omni
581 3338 665 3378 carne
685 3321 844 3389 abstinebit,
872 3323 1069 3399 poenitensque
1095 3322 1148 3379 crit

55 3438 145 3480 annos
160 3420 342 3492 quindecim
363 3422 387 3478 si
402 3420 532 3487 clericus,
547 3418 717 3478 diuturniori
731 3429 760 3477 et
773 3421 895 3497 graviori
909 3421 1086 3498 poenitentia.

101 3518 211 3578 Mulier
234 3520 265 3577 in
291 3538 333 3588 se,
360 3527 407 3577 aut
432 3536 498 3576 cum
524 3520 611 3576 altera
637 3519 791 3588 fornicans,
819 3522 985 3597 poeniteutia
1010 3519 1149 3578 afficietur

56 3619 178 3679 duorum
202 3636 351 3678 annorum.
393 3618 448 3676 Vir
473 3619 503 3676 iu
529 3637 561 3674 se
586 3619 751 3692 inquinans,
778 3621 871 3696 primo
894 3619 955 3677 dies
981 3618 1097 3686 deccm;
1124 3618 1150 3675 si

56 3720 170 3785 ioerum,
185 3717 245 3776 dies
258 3718 376 3795 viginti3
398 3717 424 3774 si
437 3718 529 3784 tertio,
544 3716 605 3774 dies
620 3719 750 3795 triginta:
772 3719 798 3775 si
817 3718 923 3775 nefarie
944 3735 1026 3792 agere
1040 3726 1149 3793 perget,

31 3876 34 3881 ,
59 3817 232 3897 poeuitentiae
255 3819 381 3875 accessio
401 3818 428 3875 ei
449 3817 514 3874 fiet:
545 3817 571 3875 si
595 3836 675 3894 puer,
696 3815 757 3873 dies
778 3815 977 3890 quadraginta;
1004 3815 1030 3871 si
1050 3815 1150 3890 maj0r,

59 3916 224 3990 quindecim
239 3918 332 3985 annis,
347 3915 408 3975 dies
422 3925 546 3974 centum.

97 4016 158 4083 Qui
170 4015 323 4093 cbmplexu
336 4016 450 4074 seminas
471 4015 517 4072 vel
529 4015 630 4074 osculo
644 4012 793 4091 polluitur,
803 4010 996 4088 penitentiam
1010 4019 1075 4088 aget
1088 4008 1150 4069 dies

61 4114 192 4195 triginta:
213 4116 262 4189 qui
276 4123 405 4174 contactu
419 4113 624 4182 inverecundo,
639 4129 752 4171 menses
766 4119 833 4169 tres.
1139 4180 1144 4189 ι

97 4200 350 4294 llbd'obdbupiscit
363 4225 468 4283 mente,
490 4212 542 4273 sed
564 4233 622 4273 non
642 4212 743 4291 potuit,
760 4209 821 4269 dies
841 4209 939 4266 decem
954 4208 1151 4287 penitentiam

64 4324 139 4394 ue·
204 4311 207 4315 ’

101 4414 178 4474 Vos.
193 4411 332 4472 tlt-ea

789 4448 844 4497 ἠν
