2640 4860
161 354 200 409 88
347 344 405 406 DE
425 342 725 407 obscurumne
746 343 1064 407 EUOHARISTIAE.

160 517 254 582 tuerit,
267 530 335 571 eum
348 512 580 573 communionem
600 513 728 589 recipere
740 511 885 571 vobntem
899 512 934 570 ad
947 513 1118 573 scandalum
1138 523 1168 572 et
1190 513 1262 573 inla-

160 616 248 675 miam
268 611 426 680 vitandum,
446 611 550 671 debere
569 611 698 670 confiteri
718 613 803 671 etiam
823 611 963 671 sacerdoti
984 614 1091 671 carenti
1117 622 1257 689 potestate

160 710 326 773 absolvendi
345 732 361 769 a
381 712 521 778 censuris,
537 710 683 769 contendit
701 710 733 767 S.
756 711 934 787 Alphonsus,
955 712 1022 785 quia
1041 713 1077 770 iis
1102 713 1133 770 in
1159 730 1256 770 rerum

160 810 300 890 adjunctis
321 810 474 887 prohibitio
494 810 633 868 Ecclesia
654 828 691 867 ne
716 809 833 867 accedat
854 809 890 868 ad
908 819 1086 870 sacramenta
1111 828 1256 887 suspensa

160 909 305 970 censenda
317 919 378 967 est:
394 911 440 968 cui
454 908 574 985 proinde
588 909 728 967 absolutio
742 908 802 966 dari
816 909 929 985 poterit,
940 919 1072 968 manente
1083 909 1259 986 obligatione

161 1011 371 1069 absolutionem
394 1029 411 1066 a
430 1028 550 1068 censura
569 1007 706 1084 deinceps
727 1003 868 1084 petendi.¹
909 1008 991 1067 Laici
1005 1010 1056 1067 vix
1075 1027 1206 1081 unquam
1227 1007 1262 1066 ad

160 1109 374 1169 Eucharistiam
395 1106 549 1166 accedendi
569 1109 675 1180 absque
701 1107 884 1165 confessione
907 1116 1042 1185 urgentur
1059 1108 1255 1166 necessitate:

161 1207 278 1283 quodsi
292 1217 443 1285 postquam
458 1206 493 1264 ad
506 1225 655 1264 scamnum
672 1206 946 1265 communicantium
966 1207 1150 1273 accesserint,
1165 1224 1260 1263 recor·

160 1307 264 1367 dentur
278 1306 387 1383 peccati
397 1306 533 1373 mortalis,
548 1306 629 1382 cnjus
640 1315 723 1363 antea
735 1306 845 1363 conscii
858 1324 914 1364 non
927 1304 1048 1374 fuerant,
1062 1305 1160 1363 licebit
1179 1322 1259 1363 com-

162 1408 318 1474 municare,
332 1403 438 1462 doloris
455 1414 519 1462 actu
532 1405 637 1471 elicito,
651 1423 787 1463 unacum
800 1405 949 1481 proposito
959 1403 1127 1472 confitendi,
1138 1421 1259 1480 praeser·

161 1508 215 1566 tim
231 1506 257 1563 si
270 1506 377 1577 absque
397 1512 465 1560 nota
477 1502 543 1561 inde
556 1503 689 1561 recedere
704 1499 850 1576 nequeat²
890 1503 923 1560 Si
938 1515 1051 1579 peracta
1070 1503 1257 1561 confessione

161 1606 193 1664 in
206 1605 376 1665 memoriam
399 1602 496 1660 veniat
508 1612 655 1680 peccatum
675 1621 761 1679 grave
780 1602 931 1670 omissum,
946 1604 1080 1675 quaritur
1099 1612 1196 1660 utrum
1210 1619 1258 1658 ne·

161 1701 285 1761 cessarid
313 1699 432 1758 debeant
457 1703 558 1760 itenrm
584 1720 616 1759 se
646 1702 748 1760 sistere
778 1719 875 1759 coram
900 1700 1076 1770 consessore,
1104 1709 1259 1773 antequam

161 1798 373 1861 Eucharistiam
387 1801 554 1877 suscipiant.
588 1794 737 1868 Antoine,³
751 1799 877 1876 allegans
888 1801 1078 1859 auctoritatem
1089 1799 1258 1876 Hispanicre

161 1900 372 1975 Inquisitionis,
386 1898 518 1968 affirmat,
531 1901 557 1957 si
576 1900 682 1973 absque
703 1899 782 1976 gravi
795 1897 929 1957 scandalo
942 1908 971 1956 et
983 1899 1107 1958 inlamiae
1124 1898 1256 1975 periculo

162 2003 258 2079 possit
277 2000 359 2058 fieri:
374 1998 425 2057 sed
446 1998 523 2056 salva
542 1997 647 2055 decreti
668 1999 841 2066 auctoritate,
855 1999 939 2076 cujus
961 1999 1045 2056 verba
1064 2016 1123 2056 non
1148 1998 1258 2064 recitat,

163 2108 295 2176 putamus
309 2097 474 2172 obligationi
494 2113 579 2171 posse
600 2095 736 2172 deinceps
750 2096 893 2165 satisfieri,
908 2115 997 2170 quum
1018 2106 1169 2174 peccatum
1192 2115 1260 2156 cum

163 2199 273 2254 ceteris
286 2195 439 2252 remissum
453 2194 498 2250 sit.
541 2191 762 2253 Consulendum
777 2196 894 2267 quidem
908 2206 953 2254 est
964 2194 1034 2254 illud
1047 2196 1179 2254 confiteri
1193 2205 1258 2254 ante

163 2293 406 2359 communionem,
432 2293 458 2349 si
484 2291 633 2350 commode
658 2292 720 2351 fieri
745 2296 847 2370 possit,
871 2295 929 2352 nisi
953 2295 1096 2371 penitens
1127 2294 1195 2354 inde
1222 2297 1260 2355 sit

163 2391 307 2468 scrupulis
328 2390 424 2448 nimiis
438 2391 635 2468 exagitandos,
650 2392 696 2450 vel
716 2393 866 2452 consessor
886 2394 921 2452 ab
943 2393 1006 2452 aliis
1029 2393 1191 2463 audiendis,
1210 2395 1260 2468 qui

163 2491 255 2568 magis
269 2489 398 2568 indigent
420 2491 481 2567 ejus
502 2491 672 2559 ministerio,
688 2492 866 2569 impediatur.
908 2493 952 2551 lta
971 2493 1058 2551 sentit
1076 2493 1255 2553 continuator

163 2590 305 2659 Tornelii,
320 2590 401 2667 cujus
421 2590 518 2667 opinio
531 2591 564 2648 S.
579 2591 730 2668 Alphonso
743 2591 804 2649 visa
823 2600 866 2650 est
879 2594 997 2650 omnino
1016 2593 1119 2651 rationi
1136 2611 1257 2652 consen·

164 2685 273 2749 tanea.⁴
305 2689 455 2768 Optimum
467 2699 511 2747 est
530 2700 623 2749 actum
645 2691 823 2749 contritionis
836 2691 872 2748 de
886 2702 1002 2767 peccato
1022 2693 1132 2750 omisso
1153 2692 1258 2751 elicere

164 2802 229 2848 ante
243 2789 487 2857 communionem,
501 2792 632 2862 quamvis
645 2809 704 2849 non
717 2789 845 2848 videatur
857 2790 989 2866 specialis
1003 2790 1152 2869 obligatio,
1166 2810 1257 2864 quum

165 2889 345 2947 absolutione
354 2890 415 2967 jam
429 2889 468 2946 sit
480 2890 641 2949 remissum.
672 2888 718 2948 Ad
732 2887 962 2948 satisfaciendum
977 2900 1120 2967 praecepto
1133 2891 1263 2966 paschali

165 3006 226 3047 non
240 2998 336 3065 potest
347 2989 410 3047 fieri
425 2989 590 3047 communio
603 2989 709 3063 absque
722 2989 912 3056 consessione,
922 3007 1010 3062 quum
1019 2989 1069 3047 lex
1081 3007 1141 3048 non
1154 2991 1263 3068 obliget

165 3088 212 3146 cui
227 3086 322 3146 debito
337 3086 423 3145 modo
437 3087 565 3145 satisfieri
579 3088 686 3160 nequit.
721 3086 865 3146 Ceterum
878 3088 928 3146 alii
941 3087 1016 3145 aliud
1030 3085 1213 3164 opinantur.⁴

206 3188 256 3241 to.
278 3185 388 3260 Magna
401 3186 490 3242 animi
504 3184 656 3243 devotione
670 3186 855 3263 suscipienda
868 3195 911 3244 est
930 3186 1114 3246 Eucharistia
1127 3206 1180 3264 pro
1194 3189 1263 3246 tanti

166 3283 337 3340 sacramenti
350 3281 485 3358 dignitate
499 3292 528 3339 et
540 3285 710 3358 praestantia.
753 3285 883 3344 Venialis
897 3285 1010 3343 videtur
1022 3285 1106 3362 culpa
1125 3286 1259 3345 accedere

166 3377 268 3436 affectu
283 3379 317 3437 ad
332 3379 455 3437 venialia
469 3378 546 3438 haud
560 3380 700 3457 deposito,
716 3383 817 3441 saltem
831 3385 856 3441 si
869 3394 932 3442 actu
945 3384 1083 3443 foveatur.
1106 3385 1261 3444 “Peccata

166 3475 320 3543 venialia,’'
348 3477 441 3549 inquit
468 3477 501 3535 S.
529 3478 671 3547 Thomas,
705 3481 887 3559 “dupliciter
913 3464 1004 3559 accipi
1030 3494 1170 3560 possunt:
1201 3502 1258 3541 uno

166 3574 263 3641 modo,
284 3584 368 3652 prout
396 3584 463 3634 sunt
485 3577 642 3652 praeterita:
664 3579 720 3636 alio
741 3580 829 3639 modo
849 3590 934 3658 prout
953 3590 1019 3638 sunt
1037 3591 1101 3640 actu
1121 3584 1257 3640 exercita,

167 3675 266 3735 Primo
281 3674 395 3749 quidem
410 3673 495 3734 modo
508 3685 623 3751 peccata
632 3677 752 3735 venialia
762 3679 840 3737 nullo
853 3678 940 3738 modo
950 3678 1110 3756 impediunt
1122 3680 1257 3740 effectum

166 3776 253 3855 hujus
267 3776 450 3834 sacramenti:
473 3784 568 3852 potest
586 3776 662 3833 enim
685 3778 851 3853 contingere
871 3777 948 3850 quod
967 3777 1070 3850 aliquis
1091 3788 1158 3855 post
1170 3781 1257 3838 multa

166 3886 282 3952 peccata
294 3875 418 3936 venialia
431 3874 595 3943 commissa,
611 3873 712 3934 devote
735 3876 850 3934 accedat
871 3876 906 3934 ad
926 3877 982 3934 hoc
995 3887 1215 3946 sacramentum,
1231 3888 1258 3936 et

166 3973 292 4048 plenarie
313 3977 399 4054 hujus
422 3974 589 4034 sacramenti
612 3983 802 4048 consequatur
821 3974 964 4034 effectum.
1007 3975 1142 4035 Secundo
1162 3987 1257 4036 autem

234 4139 277 4203 (l)
297 4139 323 4187 S.
335 4141 409 4205 Alph.
420 4142 437 4190 l.
448 4141 479 4190 vi.
490 4159 515 4192 n.
527 4144 585 4191 265.
891 4143 933 4208 (2)
952 4141 1052 4200 Ibidem,
1064 4157 1089 4190 n.
1103 4143 1162 4190 263.

235 4221 277 4286 (3)
297 4221 335 4272 Ds
347 4223 427 4275 Eueh.
438 4226 494 4276 cii.
507 4244 549 4292 qn.
559 4228 593 4278 iit
605 4228 677 4292 Resp.
689 4231 713 4278 2.
742 4227 815 4279 Nota.
895 4229 937 4293 (4)
956 4225 986 4276 L.
999 4227 1031 4277 vi·
1042 4241 1067 4275 n.
1079 4228 1138 4276 257.

565 4313 607 4376 (b)
626 4311 725 4369 Ibidem,
736 4326 761 4360 n.
773 4312 830 4359 261.
