2640 4860
122 397 178 454 rra
275 362 279 367 ’
396 390 454 450 oe
476 389 670 451 rainerus
690 390 748 451 ur
768 380 926 451 ronna.

120 558 267 636 negaverit
279 557 315 619 ad
328 559 467 636 integram
481 569 510 615 et
522 557 677 635 perfectam
691 566 871 635 peccatorum
890 542 1097 617 remissionem
1110 557 1208 631 requiri

119 674 176 719 tres
189 667 271 715 sotus
285 659 314 716 in
328 658 493 735 penitere,
508 657 590 730 quasi
604 658 750 715 materiam
761 658 931 716 sacramenti
938 657 1128 734 poenitentiae,
1139 655 1209 715 vide·

119 759 187 819 licet
198 757 409 823 contritionem,
424 755 646 824 confessionem,
670 766 698 813 et
716 754 951 825 satisfactionem,
974 773 1039 829 quae
1056 763 1113 814 tres
1126 756 1207 832 poeui·

119 856 212 917 tentis
226 866 319 933 partes
340 855 481 924 dicuntur,
496 855 644 913 anathema
662 845 747 913 sit.”¹
788 863 808 891 “
817 853 852 914 In
865 855 922 915 illis
935 853 1157 923 sacramentis,”
1171 855 1207 913 in·

121 957 182 1029 quit
195 954 228 1012 S.
245 955 387 1023 Thomas,
403 963 422 990 “
433 973 496 1027 quae
515 953 621 1012 habent
641 953 776 1012 effectum
797 953 1069 1030 correspondentem
1083 953 1205 1012 humanis

120 1056 241 1123 actibus,
257 1055 312 1131 ipsi
327 1066 405 1113 aetus
418 1053 536 1113 humani
556 1061 622 1111 sunt
639 1052 705 1112 loco
725 1051 859 1120 materia,
873 1061 906 1111 ut
918 1052 1021 1111 accidit
1033 1054 1065 1111 in
1076 1054 1205 1130 poeniteu-

120 1158 159 1214 tia
184 1167 212 1211 et
237 1154 427 1213 matrimonio.
478 1151 559 1210 Siout
588 1153 674 1210 etiam
694 1153 723 1210 in
746 1149 895 1209 medicinis
915 1151 1113 1228 corporalibus
1139 1171 1205 1225 que·

121 1253 188 1313 dam
200 1264 268 1311 sunt
280 1271 325 1311 res
338 1253 463 1311 exterius
483 1248 625 1318 adhibitae,
646 1251 719 1310 sicut
737 1250 890 1328 emplastra
903 1260 932 1308 et
944 1252 1116 1310 electuaria:
1139 1270 1205 1324 que·

121 1353 186 1412 dam
201 1351 268 1410 verb
288 1360 355 1409 sunt
376 1361 455 1409 actus
475 1348 677 1417 sanandorum,
700 1362 770 1426 puta
792 1351 1010 1409 exercitationes
1033 1341 1206 1424 quaedam.”²

125 1454 224 1512 Animi
236 1450 327 1518 dolor,
347 1459 376 1507 et
394 1448 548 1508 confitendi
561 1459 590 1506 et
602 1449 795 1508 satisfaciendi
807 1450 986 1527 propositum
1000 1449 1037 1507 ad
1060 1451 1205 1508 essentiam

121 1551 290 1611 sacramenti
303 1558 453 1626 spectant3
473 1547 532 1607 imo
545 1557 574 1605 et
587 1547 732 1608 confessio
746 1549 874 1622 quadam
887 1568 894 1605 :
916 1547 968 1606 sed
982 1551 1140 1609 satisfactio
1153 1551 1206 1628 ipsa

121 1652 237 1711 nonnisi
252 1648 287 1708 ad
300 1650 499 1727 integritatem.

160 1753 188 1807 3.
211 1749 389 1808 “llaruara
407 1765 540 1807 rnoxnrs
552 1745 637 1825 hujus
657 1746 824 1806 sacramenti
845 1754 911 1805 aunt
929 1754 1008 1804 actus
1029 1748 1204 1824 poenitentis:

119 1849 201 1926 cujus
215 1847 420 1908 amatoriasunt
432 1856 556 1924 peccata,
567 1845 716 1919 dequibus
730 1845 816 1915 dolet,
830 1855 859 1904 et
869 1863 932 1920 quae
946 1846 1107 1916 confitetur,
1117 1857 1146 1905 et
1158 1865 1203 1924 pro

121 1949 222 2022 quibus
234 1947 381 2007 satisfacit.
423 1946 509 2006 Unde
521 1946 699 2018 relinquitur,
709 1945 784 2019 quod
795 1954 902 2004 remota
910 1946 1031 2004 materia
1040 1945 1206 2022 poenitentia

119 2059 186 2107 sunt
198 2057 324 2125 peccata,
339 2065 397 2105 non
417 2043 600 2120 acceptanda,
615 2043 666 2102 sed
685 2043 848 2102 detestanda
860 2053 888 2102 et
907 2039 1131 2104 destruenda.”³
1168 2045 1206 2104 lta

119 2147 151 2203 S.
179 2146 320 2204 Thomas.
362 2144 485 2203 Materia
505 2142 677 2202 necessaria
698 2143 830 2202 dicuntur
849 2151 966 2221 peccata
985 2145 1128 2214 mortalia,
1148 2151 1207 2222 post

120 2245 293 2320 baptismum
316 2242 457 2300 admissa:
486 2241 602 2299 materia
627 2241 777 2319 sufficiens
797 2251 864 2301 sunt
886 2250 1004 2321 peccata
1022 2244 1155 2312 venialia,
1169 2241 1209 2302 vel

117 2350 233 2418 peccata
246 2340 376 2399 mortalia
391 2341 454 2418 jam
473 2341 603 2399 remissa.
645 2341 718 2407 Quo
738 2351 802 2401 ante
821 2342 993 2419 baptismum
1006 2350 1075 2401 sunt
1093 2352 1206 2420 patrata,

117 2441 229 2500 iavacro
239 2440 405 2499 abluuntur:
420 2439 499 2514 quod
510 2440 535 2498 si
543 2440 707 2519 poenitentis
717 2442 806 2501 animi
815 2440 926 2500 defectu
940 2440 970 2500 id
982 2459 1042 2500 non
1054 2443 1204 2520 contingat,

117 2542 267 2618 poenitenti
277 2539 379 2600 deinde
389 2542 569 2600 remittuntur
575 2540 604 2598 vi
611 2540 764 2618 baptismi:
779 2539 910 2610 “fictio”
923 2541 1056 2613 inquitS.
1067 2542 1204 2611 Thomas,

118 2652 137 2677 ‘⁴
146 2661 204 2702 non
214 2650 375 2701 removetur
384 2660 435 2718 per
443 2642 628 2719 baptismum,
637 2638 689 2697 sed
700 2658 752 2717 per
761 2641 955 2717 poenitentiam
965 2641 1186 2714 subsequentem
1198 2662 1203 2698 :

118 2761 174 2815 qua
188 2752 307 2811 remota,
322 2742 480 2819 baptismus
494 2741 584 2799 aufert
596 2739 710 2816 culpam
723 2747 751 2797 et
763 2747 870 2798 reatum
883 2740 1013 2800 omnium
1026 2751 1205 2817 peccatorum

118 2840 339 2917 procedentium
366 2842 550 2918 baptismum,
573 2847 602 2897 et
621 2839 705 2898 etiam
731 2838 818 2898 simul
843 2839 1028 2899 existentium
1048 2859 1115 2900 cum
1141 2843 1205 2918 bap

117 2935 252 3001 tismo.”⁴
293 2942 390 3019 Ipsam
411 2941 555 3000 fictionem
569 2956 631 3012 quae
646 2939 675 2997 iu
688 2939 829 3015 baptismo
842 2938 1028 3016 suscipiendo
1041 2938 1205 3008 admittitur,

117 3043 306 3100 necessariam
321 3059 384 3099 esse
398 3041 571 3118 poenitentias
592 3039 738 3097 materiam
758 3038 888 3114 plerique
908 3047 1019 3115 putant,
1035 3056 1124 3112 quum
1144 3058 1207 3099 con·

117 3150 276 3199 summetur
290 3150 435 3215 peccatum
449 3140 512 3216 ipso
520 3138 653 3216 fingentis
664 3139 693 3197 in
704 3139 856 3197 ecelesiam
866 3137 1014 3215 ingressut
1035 3137 1087 3196 sed
1096 3147 1204 3198 constat

116 3257 179 3310 quae
200 3248 408 3314 praecesserunt
425 3247 542 3315 peccata
562 3255 621 3295 non
643 3256 708 3295 esse
731 3238 899 3297 sacramenti
925 3238 1099 3314 poeniterrtiae
1120 3249 1205 3298 mate·

115 3337 197 3393 riam.
252 3335 385 3397 Venialia
410 3335 541 3396 dicuntur
560 3336 677 3394 materia
701 3336 858 3406 sufficiens,
879 3338 948 3411 quia
967 3345 1089 3414 possunt
1108 3339 1205 3396 virtute

115 3433 238 3492 clavium
259 3434 373 3502 remitti,
388 3454 453 3493 nam
473 3445 591 3510 peccata
609 3436 706 3494 omnia
724 3435 886 3496 remittendi
904 3435 970 3494 data
982 3446 1056 3494 esta
1076 3436 1202 3496 Domino

116 3542 261 3611 potestas:
288 3531 340 3590 sed
365 3552 424 3592 uon
450 3543 515 3592 suut
540 3536 700 3593 necessaria
725 3537 851 3607 materia,
877 3536 944 3609 quia
969 3554 1028 3595 non
1053 3536 1206 3596 excludunt

114 3634 262 3695 hominem
284 3653 301 3691 a
320 3651 409 3712 regno
431 3633 546 3702 caelesti,
565 3641 593 3690 et
612 3634 708 3693 multis
721 3635 783 3695 aliis
800 3636 956 3695 rationibus
972 3654 1073 3695 eorum
1091 3637 1203 3696 veniam

111 3735 177 3794 licet
202 3735 352 3810 consequi.
395 3734 466 3801 Quae
492 3743 575 3792 antea
592 3734 713 3794 remissa
732 3744 799 3794 sunt
818 3737 967 3813 poenitenti
987 3743 1114 3813 peccata,
1135 3745 1201 3794 sunt

115 3836 232 3895 matoria
252 3834 408 3902 sufficiens,
429 3835 496 3910 quia
514 3835 549 3893 iia
570 3833 672 3895 iterum
692 3834 814 3904 defletis,
829 3837 992 3896 confirmari
1011 3844 1108 3914 potest
1120 3837 1201 3895 venia

110 3935 171 4010 jam
192 3935 266 4005 data,
287 3947 316 3994 et
337 3954 422 4012 poena
442 3935 563 4002 remitti3
585 3944 613 3992 et
632 3936 720 4012 gratia
740 3935 861 4012 amplior
876 3936 1009 4003 conferri.
1051 3935 1087 3997 In
1106 3935 1204 3995 mortis

115 4032 292 4105 discrimine,
316 4036 432 4110 quando
458 4033 669 4096 confessionem
696 4034 883 4103 moribundus
909 4035 1009 4109 nequit
1033 4034 1136 4104 facere,
1158 4035 1202 4093 vel

150 4268 192 4331 (¹)
213 4267 278 4315 ⁸⁰⁸⁸·
289 4269 338 4319 XiV·
350 4287 403 4320 ⁰³1¹·
415 4273 446 4321 iv·
704 4276 746 4338 (2)
765 4273 798 4323 iii.
810 4289 833 4336 p.
845 4289 886 4337 qu.
898 4273 991 4323 lxxxiv.
1003 4279 1047 4324 ort.
1058 4273 1090 4323 iv.
1102 4273 1133 4322 ad
1149 4277 1170 4322 l.
1227 4268 1230 4273 '

146 4351 189 4415 (3)
208 4343 307 4412 Ibidem,
317 4360 360 4404 ert.
371 4355 396 4404 ii.
426 4356 501 4422 Resp.
698 4358 740 4422 (4)
760 4357 859 4417 Ibidem,
871 4373 913 4422 qu.
925 4359 985 4408 lxix.
997 4365 1040 4408 ert.
1051 4374 1076 4409 x·
1089 4358 1120 4411 nd
1132 4362 1156 4410 2.
