2640 4860
149 370 190 426 π
309 364 368 433 ΒΕ
387 360 665 426 ΒΕΟΕΡΤΙΟΝΕ
685 360 1082 423 ΒΑΟΒΑΜΕΝΤΟΒΙΙΜ.

149 532 329 600 contritione,
343 549 406 605 quc
420 528 455 589 ad
464 530 706 591 aliasacramenta
721 529 906 607 suscipienda
919 528 1159 590 communissimc
1174 544 1239 588 cen·

150 641 230 691 setur
242 629 386 701 sufficere,
401 631 531 703 quamvis
545 630 702 689 consultius
716 631 754 689 sit
766 630 904 690 confiteri.

189 735 240 791 44.
262 730 363 789 Gratia
376 748 439 804 quoe
453 749 504 808 per
522 739 698 788 sacramenta
710 730 839 789 tribuitur
851 728 957 807 prima
969 727 1014 785 vel
1027 726 1161 811 secunda
1174 723 1242 784 dici·

150 841 205 889 tur.
246 830 345 888 Prima
357 841 401 888 est
413 848 448 888 ea
461 848 517 902 qua
530 829 617 888 homo
630 849 647 887 a
658 838 730 887 statu
743 829 852 905 peccati
865 829 901 887 ad
913 827 1052 906 justitiam
1066 826 1241 893 transfertur,

150 931 191 988 uti
204 929 237 987 tit
249 930 279 987 iu
292 929 434 1006 baptismo
447 938 476 986 et
487 929 660 1006 prenitentia.
702 926 834 986 Secunda
855 938 899 985 est
924 926 1018 1004 gratia
1038 925 1242 984 sanctificantis

150 1036 345 1106 augmentum,
359 1029 437 1102 quod
449 1030 481 1087 tit
494 1030 524 1087 in
536 1028 722 1087 sacramentis
744 1027 864 1085 creteris.
906 1026 979 1084 Haec
996 1025 1082 1084 etiam
1096 1023 1179 1083 datur
1191 1042 1242 1101 per

150 1138 328 1187 sacramenta
341 1138 529 1195 mortuomm,
550 1127 660 1200 quoties
680 1126 874 1202 suscipiuntur
893 1126 928 1183 ab
949 1126 984 1182 iis
1007 1124 1057 1198 qui
1072 1124 1146 1202 justi
1165 1118 1241 1190 sunt,

150 1247 184 1287 v:
205 1246 240 1305 g:
277 1229 435 1305 baptismus
464 1235 546 1302 auget
569 1227 687 1305 gratiam
721 1244 807 1298 quam
841 1225 1062 1285 catechumenus
1088 1222 1241 1284 dilectione

150 1326 208 1387 Dei
229 1339 311 1386 autea
324 1336 490 1386 consecutus
504 1334 563 1382 est:
587 1325 750 1401 prenitentia
759 1326 839 1402 justo
862 1324 1016 1383 venialium
1028 1341 1078 1382 reo
1087 1322 1241 1400 justitiam,

151 1425 197 1485 his
206 1426 346 1493 remissis,
358 1425 486 1502 adauget
501 1424 630 1482 Primam
639 1425 757 1502 gratiam
767 1425 975 1483 asacramentis
983 1423 1114 1480 vivorum
1123 1421 1246 1480 conferri

150 1545 265 1600 quoque
279 1525 427 1601 contingit,
441 1542 506 1582 nam
523 1524 549 1581 si
563 1524 677 1582 accedat
690 1525 753 1596 quis
767 1523 911 1583 bonafide
925 1522 1043 1590 attritus,
1058 1521 1129 1594 quin
1145 1523 1242 1599 justus

149 1625 197 1692 sit,
209 1627 238 1682 vi
251 1624 419 1682 sacramenti
428 1625 523 1700 justus
538 1642 636 1682 revera
648 1621 752 1682 evadit.
794 1623 827 1683 Id
841 1623 876 1681 de
889 1621 1104 1681 confirmatione
1115 1620 1200 1679 tradit
1209 1620 1241 1677 S.

150 1722 298 1782 Thomas:
314 1723 376 1781 “Si
389 1722 492 1796 aliquis
506 1723 617 1782 adultus
631 1724 661 1781 in
672 1733 789 1799 peccato
802 1723 936 1789 existens,
946 1722 1027 1798 cujus
1037 1720 1243 1780 conscientiam

150 1840 208 1882 non
221 1821 314 1891 habet,
323 1824 369 1882 vel
382 1824 408 1881 si
422 1824 505 1882 etiam
517 1823 640 1900 perfecte
655 1842 712 1881 uon
726 1823 861 1882 contritus
876 1821 999 1889 accedat,
1015 1818 1174 1879 dummodo
1182 1837 1240 1878 non

151 1921 234 1980 fictus
249 1922 373 1993 accedat,
388 1925 571 2000 pergratiam
584 1892 718 1981 collatam
732 1924 762 1979 in
781 1922 836 1979 hoc
856 1929 1044 1988 sacramento,
1059 1920 1243 1992 consequitur

149 2023 350 2082 remissionem
362 2014 594 2098 peccatorum.'’¹
635 2019 716 2077 Idem
738 2019 773 2076 de
794 2015 1005 2088 Eucharistia,²
1017 2027 1046 2078 et
1058 2018 1094 2076 de
1107 2019 1241 2077 unctione

149 2131 279 2178 extrema
291 2111 399 2176 tradit³

189 2222 240 2275 45.
267 2216 375 2274 Praeter
400 2214 516 2292 gratiam
543 2215 766 2273 sanctificantem
791 2217 924 2276 omnibus
950 2217 1135 2275 sacramentis
1163 2235 1238 2274 com·

149 2333 277 2382 munem,
288 2313 369 2372 damr
380 2314 470 2391 gratia
482 2313 620 2389 cujusque
633 2316 803 2376 sacramenti
815 2318 941 2394 propria,
954 2335 1017 2390 quae
1027 2315 1241 2374 sacramentalis

149 2412 256 2475 idcirco
270 2413 382 2472 dicitur.
424 2420 443 2448 “
453 2411 626 2472 Ordinantur
639 2424 732 2472 autem
746 2414 955 2484 sacramenta,'’
978 2416 1048 2474 dicit
1060 2415 1093 2473 S.
1109 2415 1240 2475 Thomas

151 2512 216 2572 “ad
229 2512 370 2587 quosdam
383 2512 522 2590 speciales
537 2513 655 2572 effectus
669 2516 847 2573 necessarios
868 2516 898 2573 in
913 2516 969 2573 vita
982 2515 1147 2583 christiana,
1168 2516 1242 2573 sicut

149 2613 309 2691 baptismus
329 2612 475 2672 ordinatur
495 2611 530 2671 ad
551 2613 692 2687 quandam
712 2614 887 2690 spiritualem
907 2614 1163 2691 regenerationem,
1187 2632 1243 2688 qua

149 2711 238 2773 homo
251 2713 369 2773 moritur
380 2714 467 2781 vitiis,
490 2723 520 2771 et
538 2714 571 2771 fit
588 2714 749 2772 membrum
771 2711 897 2772 Christi:
919 2714 970 2786 qui
983 2713 1101 2788 quidem
1121 2712 1240 2772 effectus

149 2821 194 2869 est
213 2811 321 2891 aliquid
340 2812 464 2889 speciale
485 2822 586 2888 praeter
612 2821 690 2871 aetus
716 2814 905 2890 potentiarum
925 2814 1038 2873 animae.
1079 2812 1121 2871 Et
1139 2811 1240 2871 eadem

150 2913 222 2970 ratio
243 2912 334 2970 estin
356 2911 418 2971 aliis
439 2913 634 2972 sacramentis.
676 2912 759 2970 Sicut
777 2913 862 2989 igitur
875 2913 991 2970 virtutes
1005 2922 1035 2970 et
1047 2911 1123 2969 dona
1136 2910 1243 2970 addunt

150 3029 239 3088 super
260 3012 378 3089 gratiam
404 3013 592 3070 communiter
617 3011 731 3080 dietam,
758 3010 901 3084 quandam
921 3012 1127 3088 perfectionem
1150 3009 1240 3069 deter-

150 3111 256 3167 minate
275 3107 433 3168 ordinatam
456 3109 492 3166 ad
512 3112 645 3186 proprios
665 3119 744 3168 aetus
763 3111 971 3186 potentiarum:
993 3113 1032 3169 ita
1044 3111 1135 3188 gratia
1147 3129 1240 3168 sacra·

151 3207 283 3265 mentalis
298 3204 376 3263 addit
387 3223 474 3281 super
493 3209 611 3282 gratiam
631 3208 820 3266 communiter
839 3207 953 3279 dictam,
975 3221 1003 3268 et
1024 3228 1111 3287 super
1123 3210 1240 3268 virtutes

151 3314 180 3364 et
192 3305 276 3374 dona,
291 3303 434 3377 quoddam
457 3303 584 3364 divinum
605 3306 743 3364 auxilium
764 3305 799 3364 ad
819 3310 1050 3382 consequendum
1070 3310 1240 3367 sacramenti

42 3392 46 3399 ¹
151 3405 256 3463 finem:
278 3413 306 3461 et
319 3421 370 3479 per
383 3402 459 3460 hunc
474 3403 589 3463 modurn
603 3406 691 3480 gratia
704 3408 916 3466 sacramentalis
930 3408 1009 3468 addit
1020 3427 1107 3486 super
1119 3409 1239 3486 gratiam
1264 3410 1269 3416 ’

151 3504 285 3562 virtutum
299 3511 328 3559 et
340 3498 529 3561 donorum.”⁴

191 3605 240 3661 46.
276 3600 441 3670 Character,
468 3601 577 3661 scilicet
601 3602 755 3662 indelebile
784 3604 898 3681 signum
924 3607 1026 3665 animae
1052 3608 1238 3682 impressum,

152 3703 235 3763 trium
249 3710 490 3760 sacramentorum
509 3704 642 3780 proprius
656 3711 715 3761 est:
737 3705 879 3780 baptismo
892 3707 969 3766 enim
982 3706 1015 3764 fit
1027 3706 1148 3779 quisque
1162 3706 1239 3765 filius

152 3802 219 3873 Dei,
233 3801 450 3863 confirmatione
469 3801 552 3862 miles
576 3802 696 3871 Christi,
717 3803 815 3862 ordine
830 3806 959 3864 minister
974 3805 1102 3873 Christi;
1124 3803 1196 3864 adeo
1209 3812 1240 3862 ut

151 3905 235 3963 etiam
260 3912 394 3983 peccator
418 3903 464 3963 his
490 3904 565 3963 notis
585 3903 762 3980 insigniatur,
787 3902 855 3962 licet
873 3906 971 3982 gratia,
995 3924 1052 3979 qua
1072 3903 1137 3964 Deo
1158 3904 1241 3963 fieret

146 4011 295 4077 acceptus,
319 4022 371 4064 sua
392 4005 476 4083 culpa
494 4012 602 4064 careat:
631 4004 744 4077 quotics
765 4004 842 4062 enim
862 4012 1070 4064 sacramentum
1096 4003 1240 4063 confertur

151 4097 269 4168 volenti,
295 4102 468 4180 imprimitur
494 4105 654 4165 character:
682 4103 733 4163 ssd
758 4103 907 4182 sacrilegio
927 4104 1083 4165 maculatur
1097 4103 1152 4177 'qui
1171 4119 1239 4162 eum

171 4228 175 4233 ⁵
189 4258 231 4321 (1)
251 4256 285 4304 iii.
295 4272 319 4320 p.
331 4273 372 4319 qu.
383 4258 461 4310 lxxiii.
472 4269 515 4312 art.
526 4264 567 4314 vii.
579 4265 609 4315 ad
620 4268 645 4314 2.
732 4266 775 4332 (2)
794 4264 894 4325 Ibidem,
906 4281 948 4329 qu.
957 4263 997 4314 vii.
1008 4269 1052 4312 art.
1061 4262 1095 4311 iii.
1104 4261 1131 4311 in
1139 4276 1204 4325 corp.

188 4343 231 4408 (3)
250 4339 600 4408 iv·‘1³⁸t·¹¹iii·‘l¹1·bertii·
732 4351 774 4419 (4)
793 4366 827 4400 ur
838 4365 862 4415 p.
873 4365 914 4413 qu.
925 4348 977 4398 lxu
987 4346 1066 4398 attii·
1100 4344 1175 4414 hep.
