2640 4860
313 398 371 461 DE
392 395 712 462 lMPEDIMENTIS
733 400 1009 462 MATRIMONII.
1149 413 1208 468 ³29

111 571 137 629 si
151 570 223 628 sciat
236 568 368 647 privatim
388 568 625 645 impedimentum
639 586 703 626 esse
723 569 866 628 notorium
880 589 887 626 ε
910 572 1041 643 quamvis
1055 575 1131 633 euim
1146 575 1205 652 ple-

112 688 235 742 rumque
249 668 364 727 nonnisi
379 668 463 744 juxta
476 677 537 725 acta
549 678 577 726 et
590 668 707 745 probata
726 666 878 727 decernere
899 680 1036 745 oporteat,
1051 679 1110 732 nou
1123 674 1208 735 debet

112 786 233 845 operam
253 786 335 825 suam
355 775 487 842 praestare
508 768 549 825 rei
570 785 655 840 quarn
676 767 780 825 malam
801 770 889 836 novit,
904 770 1014 828 scilicet
1034 752 1207 834 matrimonii

112 868 220 926 nullius
233 866 427 925 celebrationi.

155 971 224 1025 130.
246 967 344 1033 Quum
365 965 533 1041 plerumque
553 964 628 1040 apud
646 982 700 1021 nos
720 965 806 1022 nullae
827 967 894 1022 fiant
914 968 1161 1043 proclamationes,
1176 973 1205 1032 id

112 1065 315 1138 inquirendum
328 1064 460 1131 occurrit,
475 1073 568 1121 utrum
582 1065 704 1136 quisque
719 1073 845 1122 teneatur
857 1065 1006 1135 sacerdoti,
1020 1068 1065 1126 vel
1079 1072 1204 1146 praesuli,

113 1162 287 1223 denunciare
301 1161 547 1240 impedimentum,
560 1162 604 1219 vel
613 1164 674 1239 ejus
687 1163 802 1221 famam.
844 1164 990 1236 Equidem
1006 1168 1055 1239 qui
1067 1167 1141 1227 certi
1155 1189 1205 1230 uo·

115 1265 155 1321 vit
168 1263 416 1340 impedimentum,
427 1262 491 1338 lege
505 1262 648 1319 charitatis
664 1271 773 1319 tenetur
786 1262 821 1320 ad
835 1263 903 1321 illud
917 1266 1152 1341 patefaciendum,
1168 1289 1204 1328 ne
1225 1283 1228 1288 ’

113 1364 221 1439 nuptiae
241 1363 326 1420 irritae
347 1369 527 1429 attententur,
550 1379 614 1418 cum
634 1365 802 1420 sacramenti
823 1364 937 1439 injuria,
952 1374 980 1421 et
999 1367 1157 1425 innocentis
1177 1379 1205 1426 et

113 1462 202 1540 prolis
216 1461 330 1520 damno.
373 1460 458 1527 Quod
473 1460 497 1517 si
511 1460 713 1536 gravissimum
725 1461 777 1518 sibi
793 1460 992 1522 detrimentum
1006 1483 1042 1521 ex
1053 1463 1205 1525 denuncia-

113 1562 192 1618 tione
207 1561 366 1626 immineat,
381 1579 439 1617 non
461 1567 570 1617 tenetur
583 1578 647 1617 cum
663 1567 740 1617 tanto
754 1565 800 1619 sui
821 1560 972 1638 dispendio
994 1564 1101 1622 malum
1114 1567 1204 1644 impe·

111 1659 182 1718 dire.
226 1660 258 1716 Si
272 1660 375 1717 samam
391 1668 499 1716 tantum
519 1657 715 1733 impedimenti
731 1658 840 1717 deferre
854 1671 948 1733 queat,
964 1663 1204 1725 considerandum

109 1770 154 1816 est
167 1769 260 1817 utrum
276 1768 376 1816 testem
393 1758 518 1830 aliquem
533 1756 653 1818 audien't
662 1758 718 1815 fide
733 1758 861 1836 dignum,
873 1762 919 1817 vel
933 1771 1026 1821 utrum
1040 1763 1114 1820 fama
1128 1766 1203 1841 apud

109 1859 263 1934 plerosque
290 1857 424 1924 obtineat,
446 1875 503 1930 quo
524 1875 590 1913 casu
609 1856 723 1915 debebit
742 1876 859 1916 monere
881 1862 1032 1935 praesulem
1057 1864 1102 1920 vel
1116 1883 1196 1939 paro·

109 1957 216 2022 ohum3
238 1955 288 2013 sed
302 1974 388 2014 nemu
402 1966 512 2014 tenetur
530 1956 652 2013 incertos
666 1975 795 2024 rumores
810 1959 924 2015 referre.

155 2060 224 2113 131.
248 2054 406 2123 Paroohus,
420 2056 466 2113 vel
479 2055 612 2113 sacerdos
626 2055 709 2122 alius,
724 2055 904 2114 consessione
921 2056 1069 2117 addiscens
1084 2060 1205 2137 impedi·

112 2165 252 2221 mentum,
276 2152 358 2211 debet
376 2154 497 2212 edocere
520 2152 714 2230 poenitentem,
734 2165 765 2212 ut
786 2165 861 2231 petat
883 2155 1137 2232 dispensationem,
1157 2162 1203 2220 vel

111 2255 251 2311 abstineat
277 2272 292 2309 a
318 2255 436 2330 nuptiis,
464 2253 530 2319 nisi,
553 2254 637 2330 juxta
663 2255 803 2331 principia
829 2255 901 2314 alibs
928 2256 1037 2326 tradita,
1062 2258 1203 2319 silendum

109 2351 241 2420 duxerit3
256 2353 356 2424 nequit
366 2362 460 2410 autem
474 2370 555 2410 suam
569 2353 709 2429 denegare
720 2373 847 2430 operam,
859 2356 882 2412 si
898 2355 1034 2433 deinceps
1045 2369 1203 2418 accersatur

110 2453 225 2527 publice
246 2450 291 2508 vel
312 2453 442 2528 privatim
464 2452 498 2509 ad
519 2453 632 2527 nuptias
653 2452 844 2509 celebrandas.
887 2454 973 2520 Quod
992 2458 1017 2513 si
1035 2476 1072 2514 ex
1088 2457 1203 2516 alterius

109 2549 330 2610 denunciatione
345 2551 414 2609 illud
427 2551 547 2620 noverit,
562 2559 672 2608 tenetur
685 2569 745 2608 rem
759 2549 794 2607 ad
808 2550 982 2611 ordinarium
996 2549 1129 2613 deferre.¹
1170 2558 1203 2615 Si

109 2651 172 2726 ipse
189 2651 268 2708 solus
291 2651 409 2718 noverit,
425 2659 501 2708 certa
515 2659 607 2708 tamen
621 2668 658 2706 ex
672 2650 801 2717 scientia,
816 2649 899 2707 debet
912 2652 1126 2710 matrimonium
1147 2654 1201 2712 irn-

109 2748 219 2825 pedire,
234 2751 383 2807 nonenim
404 2749 471 2807 licet
490 2748 601 2808 occulto
615 2749 740 2825 pecatori
760 2750 844 2806 etiam
861 2751 974 2826 publice
993 2753 1100 2826 petenti
1120 2771 1201 2812 suam

109 2858 243 2925 praestare
254 2868 380 2924 operam,
392 2848 581 2927 quaudu‘ipw
589 2858 668 2906 actus
680 2848 753 2907 soret
763 2848 866 2917 irritus,
880 2868 946 2907 eum
955 2849 1073 2907 aliorum
1085 2852 1199 2910 damno.

111 2947 224 3006 Praesul
257 2949 362 3024 pariter
386 2950 522 3007 conscius
538 2939 750 3023 impedimenti
775 2956 868 3023 potest
892 2957 921 3005 et
946 2948 1029 3005 debet
1061 2951 1201 3028 impedire

112 3048 246 3124 nuptias:
269 3049 399 3120 quamvis
412 3049 489 3106 enirn
499 3044 627 3124 judicem
643 3066 699 3104 uon
709 3056 837 3124 oporteat
849 3047 1016 3124 plerumque
1026 3051 1105 3106 testis
1119 3053 1202 3109 susti·

110 3166 179 3206 nere
206 3159 318 3223 partes;
339 3156 462 3206 attamen
489 3165 577 3220 quum
604 3157 702 3223 agatur
719 3146 754 3204 de
780 3146 855 3206 malo
884 3147 1078 3224 impediendo,
1101 3151 1203 3226 poterit

109 3256 245 3319 utrasque
265 3247 350 3304 veluti
364 3248 392 3304 iu
407 3265 438 3304 se
459 3247 631 3323 conjungere
644 3265 651 3313 ;
673 3246 718 3303 vel
732 3247 757 3303 si
771 3265 845 3323 opus
859 3248 905 3314 sit,
921 3266 1035 3306 oausam
1049 3249 1152 3307 referre
1167 3249 1201 3307 ad

112 3347 249 3405 vicarium
263 3348 326 3422 ejus
340 3346 513 3422 generalem,
528 3355 556 3404 et
568 3347 761 3404 testimouium
775 3346 851 3422 apud
865 3367 931 3406 eum
946 3347 1099 3424 deponere.

151 3450 219 3503 1³2.
246 3445 377 3523 Tempus
397 3465 450 3523 per
470 3443 546 3518 quod
566 3445 752 3520 prohibentur
772 3447 936 3523 nuptiarum
957 3449 1108 3517 solemnia,
1123 3458 1202 3508 esta

112 3545 267 3603 Dominica
277 3546 370 3621 prima
384 3544 520 3603 adventus
533 3563 625 3617 usque
639 3544 674 3602 ad
687 3546 763 3605 diem
778 3548 938 3624 epiphauiae
949 3557 978 3605 et
990 3569 1007 3605 a
1017 3548 1061 3607 die
1075 3551 1201 3608 cinerum

111 3663 203 3716 usque
218 3643 253 3701 ad
266 3653 392 3702 octavam
409 3644 521 3721 pasehae
535 3632 691 3702 inclusive:
713 3647 853 3704 solemnia
866 3655 959 3704 autem
972 3655 1037 3702 suut
1058 3649 1201 3721 “nuptias

111 3744 290 3811 benedicere,
302 3763 438 3820 sponsam
453 3743 607 3811 traducere,
618 3744 753 3818 nuptialia
766 3743 907 3800 celebrare
920 3744 1061 3800 convivia.
1103 3744 1201 3801 Matri·

111 3844 242 3900 monium
256 3852 350 3901 autern
365 3845 585 3919 omnitempore
600 3841 728 3899 contrahi
737 3833 880 3918 potest.''²
921 3841 1095 3916 Nuptiarum
1115 3841 1200 3898 bene-

111 3941 209 4007 dictio,
231 3959 294 4012 quae
321 3942 353 4000 fit
379 3943 409 4001 in
435 3943 538 4010 Missa,
566 3940 722 4018 prasertim
749 3939 913 4016 prohibetur
940 3949 1068 4014 tempore
1091 3939 1151 4006 illo,
1173 3948 1201 3996 et

111 4039 227 4112 quidem
243 4042 296 4098 sub
317 4042 395 4118 gravi
410 4051 544 4117 peccato:
566 4040 667 4117 sponsi
680 4048 772 4096 autem
794 4036 931 4095 traductio
945 4037 1038 4094 minus
1053 4037 1199 4104 solemnis,

111 4149 139 4195 et
156 4139 289 4198 convivia
305 4158 460 4215 paucorum
485 4139 630 4198 moderata
647 4157 704 4196 non
724 4136 918 4214 prohibentur,
938 4137 1014 4194 sicut
1035 4155 1089 4194 nec
1109 4137 1201 4194 matri·

957 4258 979 4309 S

185 4353 228 4421 (1)
249 4351 364 4416 captia.
376 4352 405 4403 de
417 4350 498 4403 elaad.
510 4350 577 4418 deep.
762 4352 804 4418 (2)
825 4350 873 4400 uit.
885 4349 955 4403 Rom.
966 4347 996 4401 de
1008 4349 1061 4401 Suc.
1074 4349 1137 4406 Mar.

603 4469 604 4474 ,
629 4432 695 4474 911*
