2640 4860
362 1108 692 1186 TRACTATUS
734 1110 864 1186 XVII.

312 1373 380 1436 DE
426 1373 925 1438 CONFIRMATIONE.

443 1656 750 1668 ————-——-

114 1918 138 1972 l.
160 1913 352 1973 Confirmatio
372 1922 415 1971 est
434 1923 642 1972 sacramentum
661 1934 676 1971 a
695 1913 813 1971 Obristo
832 1915 999 1983 institutum,
1014 1933 1072 1987 quo
1094 1917 1161 1992 bap·
1244 1950 1256 1973 t

80 2014 147 2071 tizati
159 2014 326 2072 muniuntur
339 2014 429 2072 divini
443 2012 569 2090 Spiritus
582 2014 671 2090 gratia
682 2013 717 2071 ad
730 2012 816 2072 fidem
830 2014 948 2072 firmiter
958 2014 1121 2083 tenendam,
1133 2025 1162 2072 et

79 2112 177 2171 sortiter
189 2112 389 2190 profitendam.
431 2113 552 2171 Materia
564 2112 627 2190 ejus
641 2123 685 2171 est
698 2113 854 2172 “chrisma
868 2114 1029 2173 conlectum
1044 2133 1081 2173 ex
1095 2115 1160 2173 oleo

79 2213 146 2284 quod
167 2215 290 2271 nitorem
308 2212 450 2289 significat
469 2213 664 2279 conscientie,
678 2224 707 2271 et
726 2213 862 2281 balsamo,
877 2214 955 2286 quod
972 2213 1089 2274 odorem
1103 2216 1161 2292 sig·

78 2313 167 2370 nificat
178 2314 261 2371 bonae
276 2313 368 2379 fama,
383 2330 435 2388 per
453 2313 625 2389 episcopum
638 2308 836 2370 benedicto.”²
877 2313 1045 2372 Balsamum
1061 2333 1162 2373 neces·

79 2413 176 2471 sarium
197 2413 317 2470 omnino
335 2430 400 2469 esse
421 2411 551 2488 plerique
565 2423 679 2488 putant3
701 2413 751 2469 sed
765 2421 862 2470 eontra
875 2415 1002 2472 sentiunt
1018 2413 1161 2475 Jueninus

77 2523 102 2567 et
118 2511 174 2580 alii,
185 2530 308 2584 quorum
327 2520 421 2569 tamrm
441 2512 591 2580 sententia,
607 2510 675 2568 licet
694 2511 843 2587 probabili,
857 2511 898 2568 uti
916 2530 975 2570 non
996 2530 1161 2588 possumus,

78 2629 159 2683 quum
178 2610 277 2689 agatur
296 2609 331 2668 de
351 2612 518 2668 sacramenti
538 2611 644 2669 valore.
686 2609 819 2668 indicum
839 2608 999 2668 balsamum
1019 2609 1161 2676 sufficere,
1197 2606 1206 2613 ”

80 2720 139 2786 post
152 2710 225 2769 alios
239 2709 324 2769 dooet
336 2709 509 2773 Benedictus
526 2710 623 2777 XIV„
638 2710 696 2767 imo
709 2709 916 2786 cujuscumque
926 2708 1052 2787 regionis
1073 2710 1162 2767 balsa-

79 2829 153 2868 mum
174 2802 308 2878 sufficit‚²
321 2811 405 2887 juxta
423 2809 455 2867 S.
470 2809 665 2886 Alphonsum,
689 2808 804 2893 “modo
818 2807 856 2865 sit
870 2809 898 2865 in
913 2826 947 2865 ea
966 2809 1120 2880 quantitate
1133 2819 1165 2866 ut

81 2908 124 2967 det
135 2911 181 2968 sui
202 2905 369 2968 odorem.”³
408 2907 515 2968 Oleum
535 2910 618 2967 olivae
638 2909 745 2981 requiri
758 2908 879 2975 constat,
893 2926 950 2964 non
964 2907 1046 2974 cetis,
1060 2907 1106 2965 vel
1126 2926 1164 2965 ex

76 3028 143 3082 aqua
155 3009 254 3068 oleosa
266 3018 434 3067 extractum.
477 3008 709 3069 Benedicendum
724 3025 787 3064 esse
800 3006 900 3064 saltem
911 3026 927 3063 a
941 3005 1086 3065 sacerdote
1097 3026 1164 3066 con·

76 3108 175 3167 redunt
187 3127 305 3167 omnes:
322 3109 380 3166 imo
394 3126 431 3166 ex
446 3117 589 3186 praeoepto
602 3107 741 3165 Ecclesiae
755 3105 841 3164 debet
854 3125 918 3163 esse
932 3106 1112 3165 benedictum
1127 3109 1163 3165 ab

78 3209 220 3285 episcopo.
264 3208 368 3266 Utrum
383 3207 544 3269 benedictio
558 3207 688 3284 episcopi
703 3206 841 3282 pertineat
855 3205 888 3263 ad
903 3209 1058 3265 essentiam
1072 3227 1184 3293 sacra-1

77 3308 161 3365 menti
175 3286 365 3384 disceptatur:
381 3306 503 3365 affirmat
515 3307 547 3365 S.
563 3307 711 3374 Thomas3
727 3305 896 3384 sed-negant
907 3306 1088 3384 probabiliter
1101 3308 1173 3377 alii‚'
1187 3370 1193 3381 ,

78 3425 159 3478 quum
174 3402 285 3465 eonslet
305 3405 468 3478 aliquando,
481 3405 548 3464 licet
559 3407 713 3474 rarissime,
725 3405 887 3465 facultatem
901 3408 928 3466 ei
948 3407 1135 3468 benedicendi
1150 3428 1166 3465 a

111 3622 151 3685 (1)
172 3618 267 3668 Deeret
277 3635 321 3682 pro
332 3618 455 3668 Armenia.

109 3707 149 3769 (2)
169 3704 230 3753 Not.
239 3704 349 3754 clxxxiii.
360 3704 387 3754 in
398 3705 440 3754 fer.
451 3720 474 3753 v.
485 3706 541 3770 maj.
552 3703 607 3754 heb.
618 3704 646 3754 S.
657 3703 762 3753 haustus
782 3702 812 3752 de
832 3705 940 3752 balsamo
960 3719 975 3750 o
986 3701 1164 3750 Valentinianis

79 3789 180 3839 edhibito
191 3791 299 3852 loquitur
311 3791 327 3838 l.
338 3790 371 3839 iii.
380 3807 400 3839 r„
413 3794 436 3839 2.
448 3790 475 3839 in
485 3790 550 3853 quod
561 3789 729 3839 animadvertit
738 3788 814 3846 wall,
825 3788 994 3849 Angliennus:
1007 3795 1021 3818 ‘⁶
1028 3785 1103 3844 Note,
1112 3784 1165 3833 that

78 3873 121 3922 this
131 3875 153 3923 is
163 3874 205 3924 the
216 3874 269 3923 first
278 3876 388 3925 mention
399 3876 428 3925 of
439 3875 528 3925 chrism
549 3875 633 3924 thetis
644 3891 693 3939 any
704 3875 785 3924 where
796 3872 852 3922 reed
864 3872 895 3920 of.
930 3864 989 3919 And
1000 3869 1066 3918 since
1077 3868 1090 3917 1
1101 3869 1164 3920 shall

78 3959 141 4007 show
151 3961 274 4024 presently
287 3967 312 4009 et
322 3961 360 4011 ch.
372 3961 405 4010 ix.
417 3961 469 4011 thet
480 3961 499 4010 it
510 3977 560 4010 was
571 3960 631 4010 used
641 3961 674 4024 by
694 3960 736 4009 the
754 3956 878 4007 Catholics
894 3956 956 4004 from
972 3954 1121 4004 testimonies
1140 3956 1169 4006 of

79 4057 133 4092 near
144 4043 185 4092 the
196 4059 263 4092 seme
275 4042 329 4092 date
341 4061 367 4094 ae
378 4044 443 4104 this;
460 4061 507 4093 one
517 4060 573 4107 moy
586 4043 703 4092 conclude
714 4042 767 4090 that
778 4041 796 4089 it
815 4054 883 4088 came
894 4039 955 4087 from
967 4055 1034 4088 some
1044 4039 1162 4103 principle

77 4128 220 4191 universally
232 4128 340 4177 received
351 4130 384 4193 by
395 4130 428 4178 all
440 4129 583 4188 Christiane,
596 4127 709 4176 Catholic
720 4143 747 4175 or
758 4123 880 4175 Heretic.”
915 4124 1019 4194 wary
1031 4124 1063 4194 of
1075 4124 1166 4192 Insunt

79 4214 201 4280 Rupiliam,
213 4215 246 4278 by
258 4214 302 4263 W.
312 4214 389 4273 Well,
398 4230 422 4278 p.
431 4215 456 4264 ii.
467 4215 506 4264 eh.
519 4230 544 4265 v.

112 4299 153 4363 (³)
172 4299 198 4346 S.
211 4298 285 4362 Alph.
297 4299 313 4346 l.
322 4297 353 4347 vi.
365 4313 391 4346 n.
405 4301 461 4349 162.
