2640 4860
184 382 241 439 rso
529 373 587 434 DE
610 371 921 436 GONFESSIONE.

183 542 332 623 proposito
350 540 486 600 effectum
505 541 671 619 hujusmodi
690 540 876 618 producendi,
891 557 950 598 non
969 539 1139 599 videtur-rei
1158 549 1273 600 eventus

183 639 344 703 necessarii
353 640 553 708 declarandus,
563 642 619 700 nisi
627 639 920 718 exeopendeatonus
930 639 1047 712 aliquod
1056 639 1273 717 imponendum,

183 759 220 798 v:
246 759 283 817 g:
310 742 467 799 restitutio:
495 740 541 798 vel
565 758 686 798 mesura
709 738 758 799 vel
778 740 934 798 reservatio
959 757 1022 797 rem
1048 739 1166 797 afficiat.
1221 739 1274 806 Qui

183 849 300 899 accusat
324 858 356 898 se
382 839 446 898 aliis
472 840 640 916 propinasse
663 847 761 914 potum
780 839 902 898 nimium
922 846 1024 897 utens
1044 839 1208 905 inebriaret,
1228 838 1273 896 vix

183 948 295 997 teneturr
307 938 430 1016 adjicere
449 957 500 996 eos
519 955 621 1015 reapse
638 937 732 995 ebrios
746 937 852 995 factos:
876 957 965 1011 quum
975 939 1038 1014 jam
1058 948 1181 1013 pravum
1195 955 1273 995 auum

183 1039 324 1107 animum,
334 1056 372 1096 ex
380 1056 437 1111 quo
445 1048 523 1095 actos
532 1036 645 1113 prodiit,
657 1035 849 1094 declaraverit.
877 1037 934 1103 Qui
945 1036 1077 1113 agnoscit
1088 1055 1120 1093 se
1134 1053 1271 1094 venenum

184 1137 340 1215 prebuisse
354 1136 427 1214 patri
439 1147 472 1195 ut
492 1133 682 1193 hereditatem
703 1135 914 1212 quamprimum
934 1135 1086 1202 obtineret,
1099 1152 1161 1193 non
1169 1143 1272 1192 tenetur

184 1235 290 1296 referre
298 1245 418 1296 mortem
429 1234 494 1293 inde
505 1244 642 1301 secutam,
655 1233 681 1290 si
688 1234 797 1292 nullum
806 1233 884 1292 alteri
895 1235 1057 1310 provenerit
1064 1231 1269 1292 detrimentum.

223 1339 274 1395 42.
296 1335 415 1413 Species
433 1341 613 1411 peccatorum
627 1343 693 1389 sunt
706 1331 864 1409 aperiendae
878 1331 1029 1400 sacerdoti,
1043 1349 1098 1389 nec
1111 1332 1189 1390 enim
1202 1331 1271 1390 idem

184 1435 237 1492 erit
253 1433 405 1512 judicium,
426 1434 452 1491 si
471 1430 556 1500 furto,
575 1430 620 1487 vel
633 1431 760 1500 volnere,
777 1431 883 1489 laeserit
900 1431 964 1503 quis
980 1430 1166 1507 proximum:
1187 1430 1231 1488 vel
1249 1429 1272 1486 si

185 1532 281 1591 Deum
300 1531 445 1606 loquendo
458 1530 634 1589 contumelia
646 1530 784 1596 affecerit,
798 1530 844 1588 vel
857 1531 941 1588 rebus
954 1528 1059 1587 divinis
1073 1528 1150 1587 male
1163 1528 1270 1587 habitis.

185 1630 415 1691 circumstantie
443 1629 549 1688 idcirco
568 1628 696 1687 dicendae
715 1638 791 1697 sunt,
812 1647 875 1702 quae
898 1629 1025 1704 speciem
1046 1637 1160 1686 mutant
1181 1648 1190 1686 t
1211 1645 1270 1686 nam

184 1729 261 1788 aliud
283 1739 327 1789 est
348 1729 488 1807 flagitium
508 1730 538 1787 in
557 1728 665 1805 templo
683 1728 787 1787 violare
811 1727 971 1796 mulierem,
989 1746 1023 1784 ac
1044 1727 1076 1786 in
1096 1726 1268 1804 postribulo:

184 1827 261 1887 aliud
273 1838 317 1887 est
328 1828 506 1888 sacerdotem
520 1827 660 1894 occidere,
675 1846 707 1885 ac
720 1829 870 1886 latronem.

223 1932 274 1988 43.
295 1929 442 1989 Poenitens
462 1936 573 1986 tenetur
592 1926 759 1984 confessarii
779 1924 1046 2002 interrogationibus
1066 1924 1205 2002 legitimis
1230 1942 1269 1982 re·

183 2029 336 2104 spondere,
348 2029 383 2086 iis
394 2027 503 2085 scilicet
516 2043 579 2097 quae
590 2044 636 2082 res
646 2026 802 2102 respiciunt
811 2026 884 2083 scitu
898 2024 1083 2093 necessarias,
1094 2032 1126 2084 nt
1136 2024 1270 2082 idoneum

183 2126 319 2186 habeatur
326 2126 478 2202 judicium.
519 2121 665 2201 Imprimis
679 2123 914 2182 consuetudinem
929 2123 1037 2200 aporire
1051 2121 1136 2181 debet
1149 2132 1271 2200 rogatus,

183 2222 249 2283 inde
263 2225 340 2283 enim
360 2222 466 2300 pendet
483 2231 575 2280 utrum
590 2223 679 2279 veniae
693 2224 731 2281 sit
743 2223 881 2281 idoneus:
904 2229 1075 2298 quapropter
1090 2221 1272 2281 Innocentius

182 2320 238 2383 xl.
260 2319 405 2380 damnavit
423 2319 572 2397 oujusdam
593 2322 799 2380 assertionem:
828 2322 928 2380 “Non
950 2330 1079 2379 tenemur
1099 2320 1272 2380 confessario

181 2420 363 2496 interroganti
389 2419 469 2477 fateri
496 2421 605 2496 peccati
630 2419 750 2497 alicujus
776 2419 1044 2479 consuetudinem.’'
1094 2420 1155 2479 Sed
1182 2427 1277 2506 potest

181 2536 314 2581 mansere
334 2538 440 2578 nomen
460 2537 556 2587 suum,
573 2519 618 2578 vel
637 2519 701 2576 vitae
722 2518 926 2587 conditionem,
949 2528 1090 2594 qnatenus
1111 2520 1206 2596 ipsum
1227 2517 1271 2576 de·

181 2621 286 2698 signet,
296 2620 342 2679 rel
352 2619 486 2695 quicquid
498 2638 556 2678 non
568 2629 612 2681 est
624 2617 862 2680 necessariumad
872 2617 1061 2680 consessionis
1073 2619 1268 2696 integritatem,

181 2719 313 2799 prodere.

354 3007 380 3082 §.
402 3006 456 3066 IV.
498 3006 546 3065 Da
566 3024 815 3081 cracuusnsnrrrs
836 3022 1097 3063 suemvanrraus.

219 3232 271 3290 tt.
292 3230 395 3290 Utrum
406 3230 580 3289 declarandae
594 3233 650 3289 sint
662 3230 821 3289 necessario
835 3231 1051 3290 circumstantie
1065 3248 1129 3302 quae
1143 3230 1268 3306 speciem

181 3348 239 3387 non
265 3338 385 3397 mutant,
408 3330 543 3387 malitiam
565 3338 658 3388 tamen
680 3342 785 3408 augent
809 3330 979 3398 notabiliter,
1002 3329 1177 3404 disceptatur
1202 3329 1270 3386 inter

181 3426 341 3502 theologos,
358 3445 478 3497 quorum
499 3428 624 3503 plurimi,
639 3448 704 3486 cum
725 3429 758 3486 S.
780 3430 931 3506 Alphonso
952 3428 987 3485 de
1006 3429 1136 3504 Ligorio,
1159 3434 1268 3504 negant.

180 3524 327 3598 Equidem
348 3525 383 3581 iis
406 3526 549 3601 sepositis,
572 3528 728 3585 substantia
748 3529 857 3605 peccati
877 3530 1037 3595 innotescit,
1052 3525 1124 3584 adeo
1143 3535 1174 3584 ut
1187 3526 1222 3584 de
1236 3543 1268 3582 eo

175 3625 305 3703 judicare
319 3625 411 3702 possit
430 3626 582 3685 sacerdos:
605 3636 634 3684 et
653 3646 741 3700 quum
762 3627 916 3686 concilium
936 3626 1137 3685 Tridentinum
1153 3626 1268 3683 circum·

180 3728 295 3785 stantias
321 3725 471 3798 illasquae
492 3728 617 3802 speciem
642 3736 751 3786 mutant
771 3724 930 3785 necessarid
952 3723 1135 3783 declarandas
1158 3724 1267 3789 dixerit,

179 3827 257 3886 nulla
269 3826 342 3884 sacta
354 3827 498 3884 mentione
514 3827 786 3886 circumstantiarum
800 3825 960 3883 notabiliter
973 3823 1199 3902 aggravantium,
1214 3841 1269 3880 non

180 3936 309 3986 catonus
323 3926 479 3985 confitendi
492 3927 564 3985 ultra
577 3925 798 3984 extendendum.
835 3925 874 4002 vIn
888 3943 923 3982 ea
935 3925 1076 3983 sententia
1089 3923 1122 3981 S.
1138 3921 1267 3980 Thomas

180 4023 269 4083 fuisse
288 4025 415 4084 videtur:
439 4033 457 4060 “
470 4026 594 4092 Quidam
607 4027 684 4083 enim
702 4023 808 4090 dicunt,
823 4023 901 4096 quod
920 4042 1019 4082 omnes
1041 4021 1267 4088 circumstantiae,

180 4137 243 4191 qnae
257 4123 381 4195 aliquam
395 4125 550 4183 notabilem
564 4124 746 4196 quantitatem
756 4132 873 4199 peccato
887 4121 1001 4191 addunt,
1013 4121 1141 4180 confiteri
1151 4137 1269 4178 necesse

177 4228 231 4284 est,
258 4220 283 4275 si
309 4223 454 4280 memoriae
479 4231 637 4280 occurrant.
678 4222 737 4279 Alii
762 4220 829 4279 verb
850 4221 948 4280 dicunt
972 4219 1048 4293 quod
1075 4238 1134 4277 non
1153 4220 1210 4277 sint
1234 4217 1269 4276 de

178 4317 348 4380 necessitate
355 4318 536 4387 confitenda,
546 4321 600 4377 nisi
611 4320 829 4378 cncumstantioe
844 4339 907 4392 quae
921 4318 1042 4378 adalind
1052 4336 1143 4398 genus
1157 4319 1267 4396 peccati
