2640 4860
98 375 160 431 238
359 369 416 429 DE
437 366 623 429 MUNERE
644 364 938 433 conrssssarttl..

100 535 283 611 simplicitate
303 536 455 594 constituta
474 535 613 593 solicitata
621 534 720 602 luerit,
741 533 891 601 tenebitur,
905 542 1060 611 postquam
1075 552 1186 610 compos

100 635 175 694 sacta
188 635 282 703 suerit,
296 634 332 693 ad
346 628 617 693 denuntiationem.¹
657 634 690 691 si
704 633 806 691 mulier
818 633 881 710 ipsa
893 634 986 709 prima
999 633 1188 702 solicitaverit,

101 731 311 793 denuntiandus
325 744 420 793 tamen
433 735 487 792 erit
499 733 691 792 confessarius
712 733 905 800 consentiens,
926 731 1029 790 saltem
1053 733 1079 790 si
1102 733 1189 791 solici·

103 835 171 891 tatio
183 833 270 891 suerit
283 844 390 902 mutua,
405 843 502 909 utpote
516 835 540 891 si
555 832 745 891 confessarius
765 830 801 889 ad
824 832 908 890 aliam
928 832 1059 906 speciem
1074 831 1190 909 impudi-

8 954 19 977 -·
103 933 176 990 citiae
190 951 253 991 eam
268 931 466 990 solicitaverit:
476 932 532 990 sed
543 933 575 990 S.
586 932 754 1008 Alphonsus
768 941 866 991 censet
876 930 1128 990 denunciationem
1141 949 1192 990 non

103 1046 168 1088 esse
195 1030 365 1099 faciendam,
391 1033 417 1089 si
443 1032 632 1090 confessarius
655 1050 713 1090 non
738 1030 931 1098 solicitaverit,
949 1030 1018 1087 licet
1044 1031 1191 1088 solicitanti

103 1132 291 1189 consenserit.
314 1125 327 1158 2
621 1196 624 1200 Α

142 1233 214 1288 244.
235 1228 366 1305 Cogendi
380 1248 438 1287 non
452 1242 518 1287 sunt
530 1227 697 1286 confessarii
711 1226 885 1287 solicitantes
903 1226 937 1284 ad
951 1245 983 1284 se
996 1228 1079 1302 ipsos
1092 1227 1192 1287 deuuu·

104 1324 248 1387 dandos?
261 1338 371 1386 constat
385 1339 477 1386 tamen
499 1337 518 1364 ‘⁶
528 1328 678 1385 mulierem
693 1327 861 1385 solicitatam
876 1327 964 1384 teneri
979 1325 1014 1384 ad
1028 1325 1193 1386 denuncian-

104 1427 183 1495 dum,
198 1429 281 1486 ctiam
297 1429 322 1485 si
333 1428 418 1485 sciret
427 1437 529 1503 sponte
538 1427 727 1484 solicitantem
742 1427 936 1502 comparuisse
949 1421 997 1482 :”⁴
1010 1443 1065 1484 nec
1079 1427 1194 1503 praeutit·

105 1527 190 1585 tenda
200 1539 245 1586 est
257 1521 404 1586 moniti0.⁵
424 1526 531 1584 Mulier
544 1527 669 1599 nequita
682 1525 840 1583 solicitante
850 1525 964 1583 liberari
974 1523 1193 1601 denuntiationis

104 1621 216 1685 onere.⁶

144 1729 215 1783 245.
246 1725 433 1783 Denuntiatio
454 1724 585 1783 facienda
610 1733 655 1782 est
679 1743 759 1791 voce,
786 1723 945 1797 mulierque
970 1723 1081 1782 idcirco
1105 1743 1193 1783 coram

104 1825 250 1883 ordinario
264 1825 364 1883 sistere
385 1844 416 1882 se
437 1824 522 1883 debet
541 1823 780 1900 interrogandam.
823 1824 908 1890 “Qui
922 1841 975 1900 per
988 1823 1143 1899 epistolam
1155 1822 1195 1881 de

105 1925 250 1990 nunciant,
277 1924 334 1982 nisi
360 1925 542 1982 subscribant
571 1924 720 2000 proprium
750 1941 856 1981 nomen
881 1934 911 1981 et
935 1941 1113 2000 cognomen,
1143 1941 1194 1981 nou

104 2023 294 2091 satisfaciunt,
310 2043 342 2080 ac
356 2034 423 2081 sunt
435 2023 570 2099 deinceps
585 2023 619 2079 ab
636 2023 804 2095 inquisitore
818 2022 950 2091 vocandi,
971 2035 1004 2080 ut
1018 2025 1123 2081 iterum
1132 2021 1194 2099 juri·

105 2122 168 2181 dice
182 2121 360 2198 deponant.'’
403 2123 446 2180 lta
460 2123 496 2181 P.
510 2120 664 2198 Philippus
682 2121 717 2179 de
731 2121 932 2180 Carboneano.
974 2121 1143 2195 Aliquando
1156 2120 1195 2178 dat

106 2222 336 2292 inquisitor,ch
358 2220 527 2287 ordinarius,
548 2219 583 2276 de
604 2222 793 2280 solicitatione
811 2222 872 2298 jam
886 2222 1024 2290 monitus,
1039 2221 1194 2279 facultatem

106 2318 292 2389 confessario,
319 2320 366 2377 vel
392 2319 480 2387 alteri,
502 2319 666 2396 excipiendi
688 2321 717 2378 in
737 2320 851 2396 scriptis
868 2322 1036 2398 juramento
1057 2320 1191 2379 firmatam

99 2402 355 2477 'denunciationem
366 2413 390 2475 :⁷
410 2436 473 2491 qsae
494 2426 575 2477 extra
594 2419 715 2478 tribunal
737 2420 782 2478 vel
796 2420 897 2478 saltem
912 2429 978 2498 post
990 2419 1194 2478 absolutionem

106 2517 281 2594 excipienda
293 2526 345 2575 est.
388 2517 525 2576 Decrevit
538 2518 570 2574 S.
586 2517 779 2595 congregatio
794 2519 892 2576 Sancti
907 2518 1006 2577 Officii
1016 2524 1057 2577 22
1071 2518 1090 2577 J
1094 2517 1195 2576 anuarii

110 2621 198 2686 1727,
215 2617 381 2676 “mulieres
396 2618 549 2676 solicitatas
563 2637 620 2677 non
636 2619 724 2675 teneri
737 2618 772 2675 ad
786 2618 1047 2686 denunciationem,
1062 2619 1090 2676 si
1103 2617 1194 2675 minis·

107 2717 142 2774 tri
155 2718 349 2791 inquisitionis
363 2727 391 2775 et
404 2719 500 2776 vicarii
512 2717 641 2793 episcopi
655 2718 683 2774 in
697 2716 860 2793 longinquis
873 2718 1040 2793 regionibus
1053 2717 1193 2794 degentes,

107 2818 171 2874 sine
198 2818 276 2894 gravi
303 2817 486 2875 incommodo
507 2816 576 2873 adiri
603 2816 777 2888 nequeant.”
826 2816 946 2874 Absolvi
973 2805 1063 2894 igitur
1083 2823 1196 2892 possunt

107 2917 242 2974 mulieres
267 2935 329 2987 quae
352 2916 388 2973 ob
411 2917 520 2975 itineris
540 2914 748 2992 longitudinem
769 2926 915 2987 nequeunt
927 2916 1005 2974 adire
1019 2916 1194 2992 episcopum,

108 3016 154 3073 vel
178 3016 240 3092 ejus
263 3016 412 3082 vicarium,
436 3014 487 3073 sed
507 3024 635 3072 cessante
656 3013 871 3090 impedimento,
898 3035 932 3072 v:
957 3035 993 3092 g:
1015 3016 1047 3072 in
1070 3013 1195 3090 episcopi

108 3116 279 3181 visitatione,
308 3126 439 3171 tenentur
463 3098 640 3180 denuntiare,
669 3124 754 3188 prout
775 3114 809 3172 de
836 3114 1003 3172 mulieribus
1024 3115 1196 3190 inpartibus

108 3214 367 3278 schismaticorum,
382 3212 590 3280 haereticorum,
605 3223 634 3271 et
647 3213 924 3272 Mahumedanorum
940 3214 1123 3290 degentibus,
1138 3231 1195 3286 quae

108 3312 302 3387 periculorum
322 3319 398 3368 metu
420 3323 592 3371 excusantur
606 3311 767 3386 aliquando,
788 3311 937 3390 respoudit
958 3312 1058 3371 eadem
1074 3306 1196 3371 &Con-

107 3412 234 3487 gregatio
249 3410 294 3466 die
312 3414 349 3467 21
366 3410 436 3468 Feb.
454 3416 540 3470 1630.
584 3413 655 3478 Quae
676 3414 776 3485 nequit
798 3432 868 3471 voce
889 3412 1065 3480 denuntiare,
1091 3421 1197 3470 tenetur

108 3529 158 3586 per
172 3510 335 3585 epistolam,
360 3518 407 3567 aut
426 3511 640 3580 internuntium,
661 3522 800 3584 quatenus
821 3514 926 3584 absque
946 3512 1063 3588 propria
1086 3510 1196 3569 infamia

107 3610 170 3668 lieri
191 3610 292 3686 possit,
315 3627 381 3666 nam
402 3610 566 3688 “obligatio
585 3611 771 3670 denuntiandi
791 3613 991 3678 solicitautcm,
1012 3629 1073 3669 non
1088 3619 1143 3669 tam
1157 3616 1197 3667 est

108 3709 231 3768 adeundi
246 3709 432 3785 personaliter
444 3711 631 3788 superiorem,
657 3730 742 3783 quam
764 3710 911 3770 deserendi
932 3711 993 3768 sive
1014 3708 1195 3768 indicandiei

107 3810 321 3884 delinquentem
349 3805 392 3888 (ut
416 3811 541 3885 loquitur
563 3810 737 3869 Benedictus
760 3812 844 3870 xlv.
872 3812 902 3869 in
927 3828 979 3867 sua
1004 3805 1116 3886 Bulla,)
1137 3825 1194 3881 que

226 3979 252 4042 1)
272 3977 333 4027 Dec.
345 3976 370 4024 S.
384 3975 455 4025 Offic.
467 3980 505 4027 ll.
517 3977 578 4043 Maji
592 3981 664 4027 1707.
768 3979 811 4044 (2)
832 3977 858 4028 S.
869 3976 945 4040 Alph.
956 3977 972 4026 1.
984 3975 1016 4026 vi.
1026 3991 1051 4024 n.
1064 3978 1122 4026 681.

224 4065 253 4129 3)
273 4062 333 4111 Deo.
345 4065 375 4111 17
386 4061 451 4110 Νον.
466 4064 539 4113 1624.
770 4063 812 4129 (4)
832 4062 891 4111 Dec.
903 4063 935 4110 26
947 4060 1008 4111 Julii
1023 4063 1097 4112 1628.

239 4147 250 4211 )

222 4148 237 4192 5
271 4146 330 4195 Dec.
342 4149 357 4193 8
369 4144 429 4195 Julii
444 4147 516 4196 1660.

242 4234 253 4294 )
273 4230 345 4294 Prop.
355 4231 381 4280 ii.
391 4231 474 4282 damn.
486 4231 516 4281 ab
527 4231 600 4280 Alex.
610 4229 667 4280 vn.
679 4229 718 4281 die
729 4231 762 4280 24
774 4229 841 4296 Sept.
856 4231 929 4280 1665.

241 4314 252 4377 )
272 4312 344 4362 Decr.
354 4314 446 4377 Inquis.
458 4320 490 4365 27
503 4315 569 4379 Sept
582 4317 653 4364 1624.

209 3979 221 4043 (

211 4065 221 4127 (

208 4147 219 4209 (

210 4314 221 4376 (

211 4232 239 4293 (6

224 4316 239 4358 7
