2640 4860
387 365 444 427 DE
464 365 587 426 MODO
608 366 892 428 CELEBRANDI.
1127 373 1186 429 rto

86 531 239 600 publicis3
263 529 315 589 scd
338 532 374 592 111Ι
391 534 518 592 oratione
538 532 568 592 ,1
586 534 713 604 cunetis,
728 553 834 595 nomen
847 535 967 613 alicujus
981 537 1070 596 sancti
1084 538 1119 597 ab
1132 535 1189 596 Ec·

92 627 282 708 clesiaagniti
295 639 390 708 potest
398 632 537 692 adhiberi.
549 701 551 705 ‚

66 730 69 733 ’
139 734 207 790 131.
230 728 362 789 00110010
373 750 425 808 pro
438 732 552 809 publica
565 734 745 802 necessitate,
759 752 797 792 cx
810 734 939 810 presulis
955 736 1040 812 jussu
1052 734 1185 806 dicenda,

105 839 191 905 potest
209 831 293 889 tertio
312 830 378 889 loco
398 831 464 900 dici,
478 841 623 905 tamquam
644 833 733 891 oratio
754 832 789 890 ad
801 832 922 902 libitum,
938 834 982 892 vel
995 846 1094 907 quarto
1112 836 1187 904 loco,

107 929 151 989 alia
163 948 218 1008 pro
232 930 347 990 arbitrio
357 930 438 988 tertio
451 931 516 990 loco
530 931 615 990 dicta.
1174 996 1177 1000 A

137 1033 206 1088 1³2.
228 1028 373 1106 Exposito
386 1029 481 1089 SSmo
495 1031 691 1099 Sacramenta,
705 1029 797 1088 adhuc
822 1029 852 1088 in
872 1030 945 1089 10010
962 1030 1081 1109 duplici,
1095 1042 1189 1111 potest

103 1127 132 1186 de
144 1147 180 1188 00
193 1128 258 1186 fieri
268 1131 513 1198 commemoratio,
525 1149 562 1188 ex
576 1132 691 1189 decreto
704 1130 737 1187 S.
748 1129 785 1187 0.
801 1130 937 1189 Rituum:
951 1131 1080 1208 praelatio
1093 1143 1187 1192 autem

102 1229 269 1296 communis,
284 1229 330 1286 vel
340 1228 403 1287 festi
413 1229 490 1302 quod
504 1230 669 1298 celebratur,
684 1240 751 1288 tunc
764 1228 884 1288 dicenda
897 1240 950 1288 est.

134 1332 202 1386 133.
225 1327 298 1395 Quae
321 1327 440 1386 dicenda
459 1338 526 1388 sunt
546 1339 667 1397 secreto,
683 1329 817 1388 sacerdos
828 1329 912 1388 debet
924 1331 962 1388 ita
982 1329 1186 1406 pronunciare,

100 1433 158 1487 “ut
169 1428 296 1504 ipsemet
309 1445 340 1484 se
360 1426 484 1495 audiat,”
495 1430 578 1507 juxta
598 1430 748 1488 Rubricas.
790 1429 876 1495 Quod
890 1430 915 1487 si
935 1430 1186 1489 1011000100οη-

99 1526 180 1586 tionis
194 1528 234 1585 110
246 1525 382 1604 proferat,
391 1535 423 1586 ut
435 1545 470 1584 ne
483 1529 546 1604 ipse
560 1529 675 1602 quidem
684 1546 715 1586 00
729 1527 825 1587 audite
833 1531 934 1605 possit,
942 1539 1040 1607 peccat
1052 1529 1184 1607 graviter:

99 1627 214 1705 exponit
233 1628 342 1703 quippe
357 1637 461 1685 temere
475 1639 683 1687 sacramentum
700 1627 837 1704 periculo,
853 1647 888 1686 ne
902 1629 1010 1688 irritum
1025 1630 1070 1697 sit,
1085 1647 1186 1702 quum,

96 1725 174 1801 juxta
194 1727 277 1785 Palai
297 1728 477 1795 sententiam,
491 1729 577 1786 verba
596 1726 671 1785 haud
690 1725 784 1785 audita
803 1745 862 1784 non
887 1730 945 1787 sint
958 1729 1046 1787 oratio
1065 1729 1185 1788 vocalis.

101 1821 242 1886 [1101011110
256 1827 282 1884 si
302 1827 387 1884 verba
406 1824 495 1884 audiri
515 1828 635 1905 possint,
651 1828 717 1884 licet
737 1827 810 1903 ipse,
825 1827 926 1885 surdus
953 1827 1052 1895 lactus,
1071 1846 1104 1885 ea
1129 1846 1187 1887 non

100 1925 199 1994 audiat,
214 1945 274 1984 non
299 1936 344 1983 est
368 1924 536 2003 culpandus.
578 1927 729 1985 Submisse
750 1925 843 1983 dicere
866 1945 929 1998 quae
950 1926 1005 1983 alta
1030 1944 1099 1984 voce
1121 1935 1188 1985 sunt

100 2021 225 2094 dicenda,
239 2025 409 2102 plerumque
423 2026 532 2084 veniale
547 2036 604 2083 est:
620 2026 733 2104 gravius
754 2036 887 2101 peccatur
907 2027 962 2084 alte
982 2023 1103 2082 dicendo
1123 2043 1186 2097 quae

56 2145 60 2152 ·
99 2134 159 2182 sunt
173 2123 283 2182 secretd
297 2124 448 2192 recitanda,
464 2128 621 2200 presertim
642 2126 665 2182 si
681 2124 708 2182 id
724 2144 761 2182 cx
775 2124 905 2184 affectato
926 2123 1049 2199 quodam
1073 2125 1185 2200 pietatis

97 2224 189 2282 studio
210 2225 368 2301 proveniat,
383 2226 423 2282 uti
446 2225 475 2283 in
497 2244 576 2283 more
597 2235 657 2283 erat
675 2224 877 2284 Jansenianis:
900 2225 951 2283 sed
971 2223 1047 2298 quod
1075 2224 1185 2284 nullum

94 2319 262 2402 hujusmodi
275 2343 394 2401 pravum
408 2325 579 2401 principium
593 2325 677 2382 habet
689 2322 843 2392 adnexum,
858 2325 920 2383 labe
934 2323 1044 2384 mortali
1058 2334 1145 2384 00101.

134 2426 205 2482 134.
228 2424 363 2482 Ministro
384 2424 485 2482 Missae
506 2425 676 2482 inserviente
692 2442 765 2499 opus
785 2434 840 2492 001,
854 2443 946 2496 eoque
965 2424 1104 2492 masculo,
1119 2443 1185 2482 nam

92 2533 206 2582 vetatur
219 2523 330 2581 mulieri
344 2522 379 2580 ad
392 2523 476 2580 altare
491 2542 639 2582 accessus:
662 2532 681 2559 ‘⁶
694 2522 784 2580 Nulla
795 2522 913 2581 soemina
926 2522 961 2579 ad
981 2523 1067 2581 altare
1081 2541 1185 2598 praesn·

86 2634 151 2682 mat
164 2621 312 2690 accedere,
327 2632 375 2681 aut
393 2625 561 2700 presbytero
584 2612 793 2682 1111111011010.”2
826 2620 969 2678 Ceterum
992 2621 1186 2679 Missionariis

84 2720 260 2799 indulgetur
271 2732 302 2780 ut
315 2722 420 2794 absque
435 2723 564 2781 ministro
578 2723 730 2788 celebrent,
745 2721 770 2778 si
784 2721 879 2778 nullus
895 2729 999 2795 praesto
1012 2720 1060 2776 sit.
1100 2718 1185 2786 Quod

84 2823 199 2882 alicubi
213 2822 412 2880 consueverint
425 2822 574 2890 moniales,
588 2823 633 2880 vel
647 2838 758 2880 sorores
770 2818 960 2886 Charitatis,a
974 2817 1061 2876 choro
1075 2819 1118 2876 vel
1130 2818 1186 2876 alio

83 2917 157 2980 loco
173 2922 333 2998 longinquo
347 2921 529 2997 respondere,
544 2923 656 2980 tolerari
677 2938 762 2997 posse
784 2919 904 2987 videtur,
920 2919 1051 2990 quamvis
1072 2926 1187 2994 praestet

82 3023 195 3080 omitti.
238 3020 296 3078 Est
315 3031 465 3096 peccatum
487 3015 614 3088 mortale,
628 3029 698 3077 10010
719 3020 751 3075 S.
775 3017 936 3094 alphonso,
950 3018 975 3075 si
995 3016 1098 3076 mulier
1120 3035 1185 3093 por·

86 3122 168 3197 rigat
179 3120 325 3188 urceolos,
341 3121 386 3178 vel
400 3122 469 3178 alias
483 3120 558 3198 apud
572 3121 657 3179 altare
672 3118 822 3178 ministret.

353 3354 379 3427 §.
395 3353 450 3412 111.
493 3353 540 3411 Da
561 3354 722 3412 Mrssanuu
741 3370 926 3411 mscmmNE.

135 3536 204 3591 135.
225 3531 358 3590 Rubricae
387 3530 423 3590 de
450 3533 551 3591 Missis
580 3533 708 3591 dicendis
741 3531 887 3591 servandae
913 3541 989 3598 sunt,
1016 3540 1188 3607 quapropter

93 3632 244 3691 indubium
258 3629 370 3689 videtur
382 3650 449 3690 eum
469 3634 591 3709 graviter
603 3651 720 3709 peccare
734 3634 783 3706 qui
796 3631 926 3691 ordinem
947 3631 1047 3696 turbat,
1061 3629 1183 3687 Missam

95 3750 158 3804 quae
171 3732 246 3789 festo
266 3729 375 3806 duplici
395 3733 597 3808 praecribitur,
613 3752 665 3808 pro
680 3733 734 3790 alia
754 3742 860 3789 temere
874 3737 996 3787 mutans.
1039 3725 1184 3797 Equidem

91 3829 192 3889 Missae
203 3848 268 3903 quae
281 3829 412 3888 dicuntur
420 3831 537 3899 votive,
549 3832 658 3891 scilicet
670 3850 722 3909 pro
736 3830 887 3888 devotione
896 3827 1035 3903 cujusque
1044 3821 1184 3890 dicenda,

98 3929 283 4006 prohibentur
295 3931 325 3987 in
345 3928 444 3988 diebus
459 3930 631 4000 Dominicis,
646 3942 675 3989 et
694 3933 723 3989 in
742 3930 822 3988 omni
842 3927 915 3984 festo
936 3922 1052 3998 duplici,
1067 3931 1096 3978 et
1115 3922 1187 3980 intra

100 4028 220 4086 Octavas
246 4028 431 4106 Epiphaniae,
453 4020 623 4098 Paschatis,
639 4031 835 4093 Pentecostes,
857 4025 886 4082 in
912 4021 958 4080 die
985 4021 1135 4089 Oinerum,
1156 4021 1187 4080 in

101 4125 276 4187 hebdomada
289 4128 400 4206 majori,
412 4138 440 4186 et
452 4130 481 4189 in
502 4129 619 4207 Vigiliis
633 4127 795 4186 Nativitatis
809 4121 929 4183 Domini
943 4132 970 4180 01
989 4121 1185 4190 Ρο010000100,

462 4333 505 4399 (1)
525 4331 586 4397 Gap.
598 4331 613 4381 i.
625 4329 655 4382 110
667 4329 751 4382 cohab.
762 4329 817 4379 cler.
