2640 4860
110 384 129 437 2
221 387 225 394 '
385 378 443 440 DE
464 380 659 444 MATERIA
678 382 737 444 ET
757 383 915 445 FORMA.

111 546 191 604 sibus
204 547 359 624 subjectus,
373 548 423 622 qui
441 549 530 607 instar
550 550 592 608 rei
613 551 668 609 sit:
689 569 725 610 r:
746 570 781 628 g:
802 551 948 611 confessio
967 558 1154 629 peccatomm
1167 551 1202 612 ad

110 646 223 705 veniam
237 647 266 705 in
279 655 456 707 sacramento
468 649 684 727 impetrandam.
725 648 853 710 Remoto
867 652 985 710 materia
997 650 1102 710 dicitur
1114 668 1162 711 res
1172 652 1202 710 in

113 763 145 802 se
159 755 285 822 spectata
293 758 308 815 ;'
317 746 464 825 proxima
476 748 574 808 estrei
586 769 672 808 usus:
688 749 729 807 sic
743 768 816 823 aqua
828 760 872 808 est
882 758 992 809 remota
1004 750 1125 809 materia
1137 752 1204 830 bap·

112 845 207 914 tismi3
228 846 335 905 ablutio
347 856 391 904 est
403 849 535 924 proxima
547 849 673 907 materia.
715 848 774 906 Res
794 850 939 908 sensibilis
958 851 1122 923 requiritur,
1137 867 1203 910 nam

112 962 153 1002 eae
166 945 290 1005 materie
309 947 453 1023 portiones
468 967 530 1021 quae
544 966 645 1007 sensus
665 949 786 1007 omniuo
807 948 956 1026 effugiunt,
970 967 1029 1008 non
1050 959 1204 1009 censentur

112 1046 312 1104 communibus
326 1046 473 1105 vocabulis
487 1048 581 1123 panis,
595 1048 665 1114 viui,
680 1056 733 1105 etc.

151 1147 181 1201 3.
200 1143 314 1204 Forma
334 1147 503 1205 sacramenti
525 1156 591 1204 sunt
610 1147 696 1204 verba
715 1164 777 1219 que
802 1147 950 1209 materiam
976 1146 1013 1205 ad
1032 1149 1202 1207 sacramenti

110 1243 249 1304 rationem
263 1243 461 1313 determinant,
471 1243 517 1302 vel
530 1245 585 1303 3113
597 1264 660 1318 que
670 1245 820 1303 verborum
830 1247 890 1304 vim
899 1246 1014 1305 habent
1036 1246 1087 1305 Sic
1095 1246 1202 1306 ablutio

6 1356 10 1363 '
111 1361 173 1414 quar
187 1351 394 1403 sacramentum
408 1352 452 1401 est
463 1344 607 1422 baptismi,
622 1344 657 1401 ab
671 1344 725 1402 alia
744 1345 844 1417 quavis
858 1345 1003 1404 ablutione
1017 1345 1204 1424 distinguitur

111 1443 231 1501 vocibus
245 1442 318 1502 illis:
335 1450 354 1477 “
366 1461 421 1519 ego
433 1450 462 1501 te
476 1444 593 1520 baptizo
606 1444 636 1502 in
649 1443 766 1502 numine
780 1443 885 1512 Patris,
900 1453 929 1502 et
941 1444 1021 1514 Filii,
1035 1457 1065 1503 et
1077 1445 1203 1523 Spiritus

113 1540 242 1599 Sancti.”
294 1540 384 1618 Signa
406 1541 509 1616 quibus
532 1543 603 1602 muti
635 1541 778 1601 declarant
809 1561 981 1604 consensum
1007 1545 1201 1615 matrimonio,
1226 1604 1234 1621 ‚

112 1640 263 1698 verborum
276 1641 335 1698 vim
349 1640 463 1700 habeut.

151 1742 179 1795 4.
202 1739 244 1798 Ut
264 1740 411 1800 materiam
431 1740 599 1800 determinet
624 1740 725 1810 forma,
751 1749 871 1814 utraque
891 1741 976 1800 debet
1000 1743 1150 1821 conjungi,
1173 1751 1202 1800 et

111 1838 198 1897 simul
211 1839 343 1908 existere,
357 1840 479 1916 ideoque
491 1842 606 1900 moralis
619 1842 720 1899 saltem
734 1841 897 1918 conjunctio
910 1842 1050 1918 exigitur3
1065 1850 1203 1916 quatenus

107 1941 193 2016 juxta
212 1938 382 2016 prudentum
406 1941 632 2006 aestimationem,
653 1940 744 1996 sorma
771 1949 921 1998 censeatur
940 1939 1056 1999 definire
1077 1943 1203 2000 materie

111 2057 206 2096 usum.
249 2037 299 2096 Sic
323 2041 411 2097 verba
432 2038 689 2126 proferenda-sunt
713 2039 742 2096 in
761 2038 920 2114 baptismo:
943 2038 1009 2116 Ego
1036 2048 1063 2097 te
1085 2040 1203 2119 baptizo

110 2137 139 2193 in
165 2136 281 2194 nomine
301 2136 394 2195 Patris
419 2126 457 2202 114
473 2135 594 2216 fundat
612 2136 769 2216 primast
789 2137 857 2196 Filii
873 2127 911 2203 tl⁴
929 2135 1201 2219 sundotsecundo,
1233 2216 1236 2221 Ι

113 2242 142 2292 31
161 2234 283 2310 Spiritus
298 2235 396 2294 Sancti
410 2223 449 2300 >1⁴
460 2233 582 2316 fundat
600 2235 698 2295 tertio.
740 2236 773 2294 Si
796 2237 873 2309 quod
892 2237 966 2295 inter
985 2239 1072 2296 verba
1084 2245 1113 2296 et
1126 2238 1201 2297 ablu·

113 2334 221 2392 tionem
234 2333 389 2392 intercedat
401 2336 539 2411 temporis
552 2337 685 2412 spatium,
699 2334 768 2393 illud
787 2337 937 2394 minimum
958 2337 996 2395 sit
1014 2356 1134 2396 necesse
1147 2346 1200 2406 est,

113 2432 184 2492 adeo
209 2441 241 2490 ut
266 2434 386 2506 quisque
410 2435 532 2493 estimet
550 2455 584 2494 ea
603 2434 689 2493 sirnul
707 2453 782 2492 esse.
824 2435 945 2494 Moralis
968 2436 1017 2495 1113
1035 2437 1201 2514 conjunctio

111 2532 221 2590 videtur
232 2531 345 2602 adesse,
360 2531 475 2606 quando
487 2536 552 2607 quis
565 2535 659 2593 verbis
673 2534 790 2611 prolatis
803 2536 897 2594 statim
911 2535 1007 2603 abluit,
1021 2536 1062 2595 uti
1075 2537 1106 2595 in
1120 2537 1199 2596 more

112 2641 156 2690 est
169 2633 326 2710 Baptistis;
346 2633 393 2691 vel
415 2634 557 2693 ablutione
577 2635 651 2709 facta
672 2634 769 2691 animo
787 2633 961 2710 baptizandi,
982 2636 1077 2694 statim
1094 2636 1202 2714 profert

111 2733 206 2790 verba.
248 2731 275 2790 E
290 2740 388 2792 contra
399 2732 473 2793 nihil
486 2733 640 2810 perficitur,
654 2734 679 2792 si
694 2731 757 2806 quis
777 2750 881 2809 magno
901 2735 1041 2812 temporis
1051 2719 1201 2795 intervallo

112 2832 157 2890 vel
177 2832 263 2889 unius
285 2831 377 2892 Pater
396 2839 498 2891 noster
517 2851 607 2902 mora,
627 2833 713 2890 verba
732 2833 766 2889 ab
783 2831 926 2892 ablutione
940 2825 1076 2910 separet.¹
1117 2835 1202 2894 Nihil

111 2933 196 2992 etiam
210 2932 391 3009 perficeretur
403 2935 429 2992 si
444 2932 549 2993 ablutio
561 2934 635 2993 facta
648 2933 686 2992 sit
698 2932 805 3005 absque
819 2931 877 2991 ulla
895 2932 1031 2992 relatione
1045 2932 1080 2991 ad
1095 2935 1201 3001 verba;

111 3035 177 3090 licet
194 3032 256 3090 haec
275 3033 412 3111 deinceps
435 3034 544 3111 prolata
565 3036 631 3101 sint,
654 3052 730 3092 novo
752 3040 893 3109 concepto
913 3032 1053 3092 consilio:
1075 3051 1142 3093 nam
1163 3053 1200 3092 ex

112 3131 270 3188 intentione
293 3133 456 3209 conjunctio
478 3133 526 3190 illa
546 3133 669 3191 materiae
690 3151 756 3192 cum
776 3130 868 3190 131313
881 3131 996 3208 pendet.
1037 3132 1151 3193 Arctior
1169 3135 1200 3196 in

113 3228 281 3302 quibusdam
295 3231 478 3287 sacramentis
492 3249 549 3307 prae
570 3231 677 3288 caeteris
698 3228 821 3287 materie
840 3248 904 3288 cum
925 3230 1016 3290 forma
1035 3233 1200 3310 conjunctio
1225 3294 1231 3301 ,

112 3329 245 3405 exigitur,
260 3329 374 3386 3133113
387 3328 668 3389 Eucharistiaverba
687 3337 856 3405 praesentem
871 3327 1020 3408 designant
1042 3333 1201 3402 materiam,

111 3446 164 3486 nec
178 3427 275 3487 referri
288 3436 410 3505 possunt
422 3428 458 3487 ad
471 3430 618 3488 materiam
639 3446 709 3486 mox
731 3427 913 3498 afferendam,
935 3429 971 3488 de
991 3449 1047 3504 qua
1066 3429 1123 3488 dici
1143 3451 1202 3506 non

111 3537 228 3604 posset:
258 3535 277 3563 “
290 3526 389 3596 Hoc,”
412 3527 520 3586 “hie'’
561 3528 595 3588 In
618 3528 790 3604 poenitentiae
809 3539 987 3590 sacramento
1004 3529 1107 3606 judicii
1128 3534 1201 3591 ratio

112 3627 260 3705 reperitur,
275 3637 304 3686 et
325 3629 465 3686 sententia
484 3647 578 3687 causae
600 3629 792 3706 cognitionem
813 3648 871 3689 333
890 3627 1051 3691 necessarid
1072 3634 1201 3704 sequitur

114 3727 208 3786 statim
221 3748 228 3785 :
250 3726 302 3786 sed
314 3728 383 3786 33113
396 3736 440 3785 331
451 3735 483 3786 ut
494 3746 559 3786 reus
573 3746 699 3806 praesens
712 3728 751 3786 sit
758 3727 859 3805 judici,
873 3729 922 3803 qui
931 3730 993 3807 jam
1006 3747 1121 3790 causam
1136 3750 1201 3809 cog·

112 3828 202 3897 novit,
212 3828 287 3887 unde
301 3846 364 3902 que
377 3827 545 3904 proferenda
557 3828 595 3886 sit
606 3828 745 3887 sententia
758 3847 794 3887 ex
805 3847 897 3887 causae
909 3829 1018 3888 meritis
1031 3830 1117 3888 etiam
1126 3830 1201 3910 apud

112 3946 143 3984 se
166 3937 286 3987 statuat:
313 3937 437 3986 attamen
459 3927 495 3986 ad
517 3928 654 4006 majorem
676 3928 867 3997 securitatem,
888 3928 963 3988 solet
986 3929 1128 4007 poenitens
1151 3931 1202 4005 qui
1230 3998 1240 4017 Ι

112 4025 220 4100 pluries
234 4028 335 4105 sejam
349 4036 484 4089 statuerat
496 4028 687 4097 confitentem,
702 4026 832 4102 quaedam
841 4036 982 4089 morante
990 4029 1200 4090 absolutionem

109 4120 251 4194 confiteri,
265 4135 294 4184 et
305 4146 368 4200 quae
384 4127 445 4204 jam
465 4127 614 4187 confessus
634 4135 688 4197 est,
703 4146 778 4187 nova
791 4128 913 4202 quadam
927 4118 1109 4190 adcusatione
1123 4147 1200 4191 com·

500 4354 543 4421 (1)
563 4353 589 4403 S.
601 4353 675 4420 Alph.
688 4354 704 4406 1.
715 4355 748 4408 vi.
758 4371 784 4407 u.
797 4357 821 4404 9.
