2640 4860
319 346 376 409 DE
397 348 591 410 MATERIA
610 346 927 409 Encflntttsutm.
1127 357 1165 415 67

67 516 188 591 quidem
203 534 256 592 pro
276 517 390 576 infirmo
410 516 613 575 consecrandi:
635 535 701 574 nam
721 515 757 574 ad
781 517 850 574 tanti
871 519 1003 595 mysterii
1024 520 1165 596 majorem

69 615 262 675 reverentiam
288 609 406 676 interest
427 616 514 674 ruodo
535 634 567 673 ac
587 617 641 674 ritu
668 617 852 675 convenienti
878 636 994 695 semper
1014 614 1166 676 confici.'’¹

72 716 221 775 Caeterum
241 715 266 772 si
287 715 465 793 contingeret
485 715 618 774 Groecum
633 733 685 793 per
696 714 760 772 loca
772 715 939 775 Latinorum
954 718 1007 775 iter
1021 717 1125 786 lacere,
1139 729 1168 777 et

72 816 181 874 nullam
196 815 242 872 sui
261 815 332 871 ritus
353 814 504 872 ecclesiam
524 814 659 890 reperire,
683 815 730 872 vel
749 815 883 874 Latinum
905 835 957 893 per
979 816 1075 875 Groeci
1095 819 1166 877 ritus

69 915 215 992 regiones,
229 916 421 972 communiter
433 922 462 971 et
473 913 714 991 probabilissime,
736 923 805 972 teste
826 915 858 972 S.
874 909 1052 991 Alphonso,²
1070 925 1167 975 tenent

72 1013 200 1089 theologi
222 1014 309 1072 licere
330 1013 463 1071 alterutro
482 1031 556 1090 pane
576 1015 627 1079 uti,
651 1031 757 1089 azymo
771 1015 891 1083 scilicet,
913 1033 963 1072 seu
977 1015 1165 1075 sermentato:

72 1132 137 1171 nam
160 1113 331 1189 plerumque
351 1113 420 1170 licet
439 1113 522 1185 sequi
543 1131 637 1170 mores
661 1121 689 1169 et
708 1113 890 1190 disciplinam
912 1114 1037 1190 regionis
1060 1116 1089 1172 in
1111 1134 1167 1188 qua

73 1214 136 1285 quis
153 1220 297 1279 versatum
319 1220 348 1269 et
362 1222 454 1270 tamen
470 1212 554 1269 ritum
568 1229 626 1268 suae
640 1211 769 1270 ecclesiae
783 1233 896 1271 servare
911 1215 1053 1289 integrum
1064 1215 1166 1287 cuique

74 1311 253 1384 relinquitur,
276 1311 317 1370 uti
342 1321 440 1369 monet
465 1310 600 1375 LeolX.
623 1311 650 1368 in
678 1313 798 1388 epistola
818 1312 853 1370 ad
880 1313 1055 1371 Michaelem
1070 1310 1168 1371 Coeru-

75 1403 204 1469 larium.³

114 1515 143 1568 5.
167 1510 277 1567 Vinum
286 1509 356 1572 ,vitis
370 1509 522 1581 requiritur
542 1507 576 1565 ad
590 1507 800 1568 Eucharistiam
814 1510 1033 1578 conficiendam,
1048 1530 1113 1569 nam
1131 1528 1168 1569 ex

76 1611 220 1686 genimine
235 1608 300 1666 vitis
316 1606 450 1666 Christus
463 1626 526 1665 earn
540 1607 681 1665 confecit:
703 1619 874 1686 quapropter
893 1629 952 1669 non
974 1607 1048 1669 valet
1067 1628 1168 1671 conse·

74 1711 159 1766 cratio
184 1709 306 1780 liquoris
335 1708 460 1775 alterius,
481 1709 594 1765 etiarnsi
623 1707 682 1765 vini
708 1709 824 1765 nomine
853 1719 981 1768 veneat:
1018 1710 1166 1787 “proprie

78 1807 204 1877 autem,”
220 1808 313 1880 inquit
325 1807 357 1864 S.
373 1807 514 1874 Thomas,
538 1815 557 1841 “
568 1807 665 1864 viuum
686 1805 788 1864 dicitur
808 1808 884 1879 quod
905 1807 940 1866 de
956 1809 1011 1866 vite
1026 1811 1166 1868 sumitur:

78 1908 123 1967 alii
138 1926 206 1965 vero
219 1907 345 1978 liquores
359 1907 458 1965 vinum
471 1906 603 1964 dicuntur
621 1905 779 1964 secundnm
793 1906 937 1979 quandam
951 1907 1168 1966 similitudinem

27 1988 30 2000 ¹
79 2006 109 2064 ad
123 2009 223 2065 vinum
238 2002 354 2083 vitis.'’⁴
392 2005 427 2065 ln
440 2005 493 2064 hac
507 2006 623 2082 regione
639 2024 742 2084 magna
755 2005 903 2085 diligentia
916 2025 988 2083 opus
1003 2016 1091 2064 estut
1104 2006 1168 2079 quis

79 2108 174 2165 vinum
188 2113 346 2181 comperet,
367 2123 455 2178 quum
470 2105 639 2182 plerumque
659 2105 844 2164 adulteratum
865 2107 913 2175 sit,
928 2115 956 2163 et
968 2124 1072 2183 magna
1085 2107 1168 2182 copia

80 2215 186 2264 veneat
198 2205 259 2263 vini
272 2205 400 2272 nomine,
414 2224 477 2278 quae
492 2223 528 2264 ex
543 2223 616 2276 aqua
629 2204 692 2263 vitae
706 2205 833 2264 confecta
846 2217 899 2274 est,
912 2206 957 2264 vel
971 2224 1008 2263 ex
1021 2205 1167 2272 enocham,

80 2306 138 2362 aliis
152 2306 239 2363 rebus
254 2304 398 2362 admixtis.
440 2303 586 2376 Equidem
600 2323 679 2376 aquae
695 2306 758 2363 vitae
772 2306 819 2363 vel
838 2305 965 2364 sacchari
980 2304 1129 2373 admixtio,
1143 2306 1169 2362 si

80 2423 133 2461 non
148 2405 186 2461 sit
198 2405 290 2462 nimia
302 2422 399 2461 eorum
414 2404 508 2480 copia,
523 2421 580 2460 non
595 2402 667 2461 tollit
679 2406 740 2463 vini
753 2415 892 2464 naturam.
935 2404 1021 2472 Quod
1034 2424 1108 2471 rure,
1123 2404 1169 2461 rel

80 2505 105 2560 in
119 2504 269 2579 cauponis,
284 2511 392 2579 prostat
404 2501 513 2570 venale,
528 2502 697 2579 plerumque
707 2502 792 2561 dubia
803 2515 855 2572 est,
867 2504 913 2561 vel
924 2505 1021 2578 inepta
1033 2504 1167 2561 materia:

80 2612 249 2679 quapropter
262 2601 418 2660 curandum
438 2612 482 2659 est
501 2601 693 2659 sacerdotibus
706 2603 807 2659 vinum
820 2623 836 2659 a
849 2603 1052 2660 mercatoribus
1066 2601 1169 2672 quibus

80 2701 163 2760 fidere
177 2710 308 2778 possunt,
322 2720 495 2776 comparare.
537 2701 648 2773 Liquor
661 2721 698 2759 ex
712 2701 816 2776 pomis,
832 2701 923 2777 pyris,
938 2700 1054 2767 cerasis,
1069 2700 1168 2766 moris,

82 2800 280 2878 malogranatis
295 2812 349 2859 etc.
365 2811 408 2857 est
421 2793 516 2876 inepta
530 2801 664 2858 materia:
681 2800 769 2858 sedet
782 2809 901 2876 agresta,
912 2818 962 2857 seu
974 2798 1169 2874 omphacium,

81 2919 179 2958 saccus
200 2892 312 2958 scilicet
338 2919 375 2958 ex
395 2900 459 2957 uvis
478 2901 637 2957 immaturis
663 2917 830 2975 expressus,
858 2899 907 2971 qui
934 2897 1057 2955 necdum
1084 2897 1171 2955 habet

83 3000 296 3058 mmmmm

66 3132 76 3142 ι
116 3103 144 3156 6.
167 3100 288 3158 Acetum
305 3110 348 3156 est
361 3101 488 3174 ineptum
502 3097 702 3165 Eucharistiae,
718 3098 784 3169 quia
795 3107 924 3155 naturam
939 3095 998 3155 vini
1012 3094 1170 3155 acescendo

81 3200 188 3256 amisit:
212 3208 383 3276 quapropter
395 3198 420 3254 si
441 3199 505 3270 quis
520 3217 557 3255 ex
568 3216 662 3254 errore
676 3196 748 3254 illud
761 3196 795 3254 ad
809 3197 1055 3256 consecrationem
1070 3215 1171 3273 usurp·

81 3300 175 3364 averit,
191 3297 277 3355 debet
289 3298 386 3355 vinum
400 3297 560 3368 exquirere,
582 3309 611 3353 et
629 3315 807 3365 consecrare,
828 3308 860 3356 ut
879 3296 1025 3375 integritas
1039 3296 1171 3355 sacrificii

80 3397 233 3456 habeatur:
256 3398 379 3455 hostiam
400 3414 515 3469 quoque
540 3414 706 3453 consecrare
727 3398 878 3472 oportebit,
902 3398 928 3455 si
948 3396 1003 3454 alia
1023 3396 1108 3453 fuerit
1126 3396 1172 3452 ab·
1236 3388 1245 3403 ⁹

81 3506 192 3572 sumpta
206 3506 270 3554 ante
284 3514 407 3553 errorem
423 3495 564 3552 detectum
576 3514 583 3562 ;
606 3513 693 3567 quum
708 3506 826 3568 utraque
840 3497 957 3555 materia
970 3496 1057 3554 simul
1071 3494 1170 3552 adesse

81 3596 179 3654 debeat
193 3595 229 3652 ad
242 3595 374 3652 sacrificii
388 3595 602 3670 perlectionem.
631 3593 755 3660 Quodsi
770 3593 878 3653 dubitet
890 3605 983 3655 utrum
998 3605 1108 3652 acetum
1124 3595 1170 3657 sit,

79 3695 147 3752 levis
162 3694 279 3766 quidem
298 3694 448 3770 scrupulus
462 3693 546 3751 flocci
570 3692 718 3751 faciendus
733 3702 786 3760 est,
801 3694 853 3752 sed
863 3714 900 3752 ex
912 3693 1052 3769 probabili
1064 3690 1171 3746 dubita·

79 3796 152 3853 tione
168 3795 268 3851 vinum
282 3793 335 3850 erit
347 3793 573 3851 consecrandum
588 3793 641 3849 sub
654 3791 827 3859 conditione,
839 3812 874 3851 ne
883 3790 1053 3848 sacrificium
1067 3789 1171 3861 imper·

79 3895 181 3951 lectum
198 3894 270 3951 sorte
284 3893 330 3949 sit.
372 3892 478 3950 Peccat
490 3894 621 3968 graviter,
632 3892 716 3967 juxta
727 3891 867 3949 Rubricas
881 3888 1022 3954 Missalis,
1037 3885 1171 3944 sacerdos

79 3992 218 4051 adhibens
234 3993 332 4050 vinum
347 3991 423 4063 quod
437 3992 525 4068 coepit
538 4009 678 4058 acescere,
700 3991 746 4048 vel
767 3989 920 4064 corrumpi,
936 3987 983 4044 vel
996 3986 1034 4043 sit
1046 3983 1173 4058 aliquan-

112 4215 155 4278 (2)
176 4213 294 4274 Antoine,
307 4218 375 4260 tract.
386 4211 416 4260 de
427 4211 509 4261 hluch.
675 4209 718 4274 (2)
738 4205 767 4255 L.
779 4206 810 4254 ri.
823 4221 848 4254 n.
862 4208 919 4257 203.

115 4298 292 4364 &Qum
670 4291 1137 4359 wffipmmmmndw
