2640 4860
334 361 731 469 Dff'ildPEDlMENTlS
752 364 1025 427 MATRIMONII.
1165 373 1224 428 349

133 534 303 601 umnausa
321 535 417 594 valent
428 535 531 593 ducere
546 533 616 592 duas
636 551 759 601 sorores,
776 541 896 609 pateret
909 532 986 590 filius
999 532 1103 593 ducere
1117 546 1225 608 queunt

132 643 252 694 matrem
266 644 295 692 et
307 634 445 717 liliamex
457 635 513 692 alic
535 634 732 692 matrimonio:
755 632 856 691 viduus
878 642 973 708 potest
991 633 1094 692 ducere
1109 634 1224 694 viduam

134 735 228 792 fratris
241 735 340 792 uxoris
355 718 578 811 sndtdefunctae.

175 836 247 892 179:
267 832 449 892 Contrahitur
459 833 694 908 impedimentum
707 831 761 888 hoc
771 830 925 896 affinitatis,
935 831 1003 888 licet
1015 831 1118 908 copula
1128 832 1226 892 habita

121 932 124 937 ’
136 933 175 993 sit
187 950 254 990 cum
267 932 363 1001 invita,
385 934 542 1009 ignorante,
556 930 642 999 ebria,
657 940 779 998 amente,
794 949 860 988 nam
875 930 961 987 oritur
974 949 1010 989 ex
1024 949 1059 990 eo
1073 932 1151 1006 quod
1171 952 1227 991 una

137 1031 203 1089 sacti
216 1032 273 1088 sint
282 1050 357 1089 caro.

178 1134 246 1188 180.
269 1131 327 1196 Qui
348 1131 457 1208 ignorat
476 1131 540 1208 lege
560 1130 752 1188 ecclesiastica
765 1129 853 1186 vetari
865 1129 972 1187 coitum
986 1148 1052 1189 cum
1066 1130 1154 1199 affini,
1169 1149 1227 1188 non

137 1228 250 1288 ridetur
263 1232 406 1306 plerisque
420 1249 533 1306 poenam
548 1229 724 1298 contrahere,
736 1229 802 1302 quia
816 1228 949 1286 Ecclesia
958 1247 1015 1287 non
1029 1230 1082 1287 sibi
1095 1231 1230 1306 proponit

138 1329 262 1406 plectere
277 1331 368 1406 prenis
382 1330 436 1386 nisi
450 1348 500 1388 eos
515 1330 563 1402 qui
577 1330 641 1405 ejus
655 1330 733 1405 leges
753 1329 876 1385 scienter
890 1328 1004 1385 violant.
1046 1329 1103 1395 Qui
1117 1331 1230 1406 ignorat

138 1428 286 1487 mulierem
308 1447 371 1486 esse
385 1429 441 1486 sibi
460 1429 586 1497 affinem,
601 1428 712 1486 etiarnsi
726 1426 882 1504 ignorantia
903 1445 998 1485 crassa
1010 1429 1057 1496 sit,
1073 1427 1229 1486 dummodo

138 1525 215 1585 haud
228 1529 417 1596 crassissima,
431 1546 489 1586 non
502 1535 633 1586 censetur
649 1545 763 1603 poenam
777 1525 930 1583 incurrere.
972 1526 1029 1592 Qui
1043 1545 1156 1603 poenam
1170 1529 1228 1605 legi

140 1624 281 1685 adnexam
305 1629 426 1704 ignorat,
442 1627 504 1684 aliis
525 1625 637 1685 videtur
656 1644 689 1682 ea
709 1625 868 1691 adstrictus,
890 1624 952 1682 aliis
972 1625 1119 1695 immunis,
1141 1645 1229 1700 quum

139 1726 231 1800 pienae
251 1726 478 1785 extraordinariae
492 1726 603 1802 legibus
624 1724 825 1782 ecclesiasticis
839 1722 957 1782 adnexae
970 1725 1020 1782 vix
1033 1725 1232 1785 contrahantur

140 1824 197 1883 nisi
211 1844 227 1881 a
240 1821 417 1883 scientibus.¹

182 1926 250 1981 181.
272 1925 431 1983 Seminatio
451 1933 509 1983 tum
530 1923 642 1982 feminae
663 1932 722 1982 tum
738 1924 822 1982 maris
843 1923 988 1981 nonnullis
1005 1923 1118 1981 videtur
1131 1943 1230 1982 neces·

139 2023 214 2080 saria
239 2032 269 2081 ut
294 2042 378 2100 poena
403 2024 466 2080 haec
492 2025 667 2082 incurratur:
700 2021 751 2080 sed
774 2041 807 2079 ea
833 2022 1001 2098 plerumque
1024 2023 1167 2081 censenda
1187 2033 1231 2081 est

138 2122 280 2190 evenisse,
295 2124 406 2196 quoties
426 2123 469 2180 vir
481 2132 562 2199 putat
574 2141 606 2180 se
627 2123 785 2180 seminasse
806 2123 879 2179 intra
896 2141 956 2189 vas,
971 2130 999 2179 et
1019 2122 1122 2181 mulier
1141 2122 1229 2181 simul

138 2221 314 2297 voluptatem
334 2240 465 2300 magnam
486 2230 602 2298 experta
615 2231 668 2279 est.
710 2222 773 2280 Imo
787 2221 839 2278 etsi
859 2219 968 2279 dubitet
980 2223 1023 2280 vir
1036 2230 1129 2281 utrum
1144 2224 1230 2282 semi·

139 2321 258 2388 noverit,
273 2321 318 2378 vel
331 2342 367 2380 an
381 2324 454 2380 intra
466 2339 526 2389 vas,
538 2321 640 2396 copula
653 2321 834 2397 praesumitur
846 2320 982 2396 perlecta.
1025 2329 1045 2356 “
1057 2320 1092 2380 In
1105 2322 1168 2381 soro
1181 2341 1232 2381 ex·

140 2431 220 2478 terno
235 2418 284 2478 ubi
296 2429 405 2480 constat
418 2419 453 2477 de
466 2421 555 2487 coins,
569 2437 684 2495 semper
700 2418 947 2495 pronunciandum
962 2439 1014 2496 pro
1028 2421 1233 2497 impedimento

140 2519 285 2577 affinitatis
302 2502 553 2586 contractumnc
572 2519 657 2576 etiam
673 2517 862 2595 judicandum
883 2517 913 2574 in
926 2517 988 2576 foro
1012 2520 1136 2588 interno,
1152 2519 1231 2593 quod

129 2608 354 2696 'presumptioni
369 2619 423 2677 fori
437 2619 546 2678 externi
566 2616 738 2677 conformari
751 2616 844 2683 debet,
860 2634 975 2692 semper
988 2636 1023 2674 ac
1044 2635 1102 2675 non
1122 2626 1234 2676 constat

139 2717 217 2779 hanc
230 2736 295 2777 esse
309 2714 460 2777 falsam.'’2

183 2821 257 2877 len--
270 2817 413 2895 Episcopi
421 2836 457 2875 ex
471 2817 676 2876 consuetudine
690 2823 811 2893 possunt
822 2815 987 2890 dispensare
997 2814 1026 2873 in
1041 2815 1095 2873 hoc
1109 2817 1148 2875 im
1153 2815 1233 2893 pedi·

140 2922 247 2985 mento,
261 2934 346 2990 quam
360 2917 519 2976 facultatem
530 2918 624 2975 valent
636 2917 699 2974 aliis
713 2916 853 2992 delegare.
896 2912 1054 2991 Regulares
1066 2916 1153 2974 etiarn
1168 2933 1234 2974 eam

142 3016 248 3074 habent
260 3035 297 3074 ex
311 3017 468 3094 privilegiis
482 3017 648 3092 pontificiis.

184 3118 260 3197 183..
276 3115 473 3174 Olundestinu
493 3115 674 3173 matrimonia
699 3133 736 3172 ex
760 3113 825 3190 lege
852 3112 1023 3170 Tridentina
1048 3114 1125 3171 irrita
1150 3123 1234 3172 sunt:

144 3213 235 3280 “Qui
256 3215 336 3273 aliter
358 3233 444 3287 quam
465 3224 606 3290 praesente
627 3213 762 3291 parocho,
783 3212 828 3270 uel
849 3211 904 3270 alio
927 3211 1074 3269 sacerdote
1094 3212 1130 3270 de
1144 3213 1236 3288 ipsius

140 3312 269 3390 parochi,
288 3333 338 3371 seu
351 3313 486 3372 ordinarii
502 3313 625 3380 licentia,
646 3321 674 3370 et
691 3310 812 3379 duobus,
834 3312 880 3369 vel
894 3311 983 3370 tribus
998 3313 1127 3382 testibus,
1142 3314 1238 3371 matri-

141 3412 273 3471 monium
286 3413 452 3471 contrahere
466 3414 649 3480 attentabunt,
670 3430 721 3469 eos
745 3413 851 3470 Sancta
871 3410 1009 3488 synodus
1024 3410 1096 3469 ad
1073 3431 1115 3471 sic
1129 3425 1241 3471 contras

142 3510 402 3573 heddnm'omnino
416 3511 556 3570 inhabiles
571 3510 673 3578 reddit,
695 3519 724 3568 et
744 3511 913 3589 hujusmodi
927 3521 1087 3570 contractus
1102 3514 1196 3571 irritos
1211 3520 1240 3569 et

141 3605 239 3669 nullos
259 3628 323 3669 csse
343 3611 477 3682 decernit,
504 3624 590 3687 prout
609 3629 659 3668 eos
683 3612 817 3686 prasenti
842 3609 957 3667 decreto
984 3611 1078 3667 irritos
1105 3609 1182 3677 facit,
1202 3618 1241 3667 et

143 3710 292 3769 annullat!
284 3703 320 3738 ”³
360 3712 493 3769 Attamen
519 3710 669 3767 valuerunt
694 3707 860 3785 hujusmodi
888 3707 1075 3773 matrimonia,
1104 3709 1238 3778 quamvis

144 3809 239 3868 forent
257 3810 378 3886 graviter
401 3809 506 3876 illicita,
531 3817 596 3866 ante
615 3808 710 3883 legem
731 3824 787 3878 qua
802 3805 879 3861 irrita
900 3802 1040 3861 declarata
1053 3814 1120 3862 sunt
1133 3804 1236 3864 latam:

143 3908 304 3966 “Tametsi
317 3907 501 3967 dubitandum
515 3926 572 3965 non
586 3905 659 3973 est,'’
682 3904 815 3976 inquiunt
826 3913 920 3978 patres
934 3901 1108 3970 Tridentini,
1132 3911 1151 3938 “
1162 3903 1238 3962 clan-

143 4006 254 4066 destina
268 4008 448 4067 matrimonia
459 4009 551 4066 libero
564 4004 790 4064 contrahentium
801 4019 943 4060 consensu
957 4000 1041 4068 lacta,
1052 4011 1119 4068 rata,
1134 4012 1163 4060 et
1173 4021 1240 4062 vera

255 4212 297 4277 (l)
317 4210 344 4261 S.
356 4210 430 4275 Alph.
443 4212 459 4260 1.
470 4211 502 4260 vi.
514 4227 538 4259 n.
553 4212 626 4261 10⁷4.
857 4207 899 4272 (2)
918 4202 1017 4263 ibidem,
1029 4219 1056 4253 n.
1071 4198 1158 4258 loru·

415 4295 457 4360 (³)
477 4294 541 4343 Sese
553 4294 620 4344 xxiv.
632 4308 685 4356 cap.
696 4291 712 4342 'u
725 4291 796 4342 Decr.
808 4288 837 4339 de
848 4285 896 4355 ref.
910 4287 986 4337 Matr.

123 4412 130 4423 ·
198 4390 276 4448 Von.
292 4389 427 4449 111.-a1
