2640 4860
145 385 184 442 ta
512 379 570 440 DE
591 378 882 441 BAPTIZANDIS.

148 548 307 628 periculum
320 565 379 606 nou
393 545 477 606 video
491 547 635 621 quomodo
649 548 730 607 vitari
743 546 836 624 possit
849 547 879 604 in
899 555 955 603 tam
980 546 1061 622 gravi
1085 545 1242 613 incisioue;

149 645 264 707 videant
276 646 369 722 periti.
411 646 558 725 Respectu
578 645 646 706 verb
669 647 777 714 matris,
793 664 828 703 an
849 646 912 722 ipsa
928 653 1058 703 teneatur
1070 645 1244 704 incisionem

151 746 230 824 pati?
271 744 347 804 Dico
361 744 439 818 quod
452 747 477 803 si
490 745 648 822 periculum
668 746 731 822 ejus
752 744 851 803 mortis
871 744 909 800 sit
927 744 1085 820 probabile,
1106 745 1171 822 ipsa
1190 761 1245 802 nac

150 854 270 911 tenetur,
285 862 338 902 neo
351 854 445 921 potest
458 864 511 904 suo
525 846 648 921 positivo
661 862 804 902 consensu
817 841 852 900 ad
866 842 1034 902 incisionem
1056 860 1243 910 concurrere;

152 952 261 1004 tantum
275 952 383 1020 posset,
393 953 422 1001 et
434 951 575 1003 teneretur
589 944 667 1002 illam
680 943 749 1019 pati,
758 943 783 999 si
797 941 946 1018 chirurgus
955 942 1017 999 sine
1027 961 1081 1001 suo
1090 960 1244 1010 consensu,

154 1042 230 1123 (ipsa
255 1044 373 1102 omnino
399 1044 528 1120 negative
553 1061 585 1100 se
611 1037 746 1119 habente)
773 1040 920 1108 incideret,
947 1049 976 1098 ct
994 1059 1063 1118 spes
1089 1040 1245 1117 pmbabilis

155 1141 268 1200 adesset
290 1141 399 1219 prolem
423 1141 482 1199 sore
505 1139 714 1217 baptizandam,
735 1158 767 1196 ac
788 1158 865 1198 mors
886 1139 983 1196 matris
996 1157 1054 1198 nou
1068 1147 1146 1197 esset
1157 1147 1243 1208 certa,

153 1260 221 1300 nam
235 1242 264 1299 in
278 1239 363 1300 dubio
376 1240 506 1314 utrinque
520 1241 659 1316 probabili
673 1247 784 1298 tenetur
795 1239 858 1315 ipsa
871 1238 958 1296 vitam
968 1238 1145 1315 spiritualem
1156 1239 1246 1316 prolis

153 1341 219 1399 vitre
232 1358 290 1398 sua
305 1339 453 1417 temporali
466 1337 609 1416 praeserre.
651 1338 685 1395 Si
708 1347 800 1396 autem
823 1356 876 1395 sua
889 1355 966 1394 mors
978 1339 1016 1396 sit
1029 1346 1113 1406 certa,
1128 1346 1156 1395 ct
1168 1336 1246 1395 salus

154 1439 244 1517 prolis
258 1436 352 1504 dubia,
366 1456 424 1496 non
437 1446 547 1496 tenetur
560 1439 623 1515 ipsa
636 1439 723 1496 vitam
736 1445 812 1495 certe
826 1430 1001 1494 amittere.”1
1043 1437 1113 1496 Non
1132 1436 1245 1495 videtur

156 1539 241 1616 igitur
260 1536 407 1614 expedire,
429 1547 460 1595 ut
481 1536 613 1596 sacerdos
636 1536 765 1596 consulat
784 1536 953 1595 incisionem
975 1553 1039 1609 quoe
1059 1544 1169 1594 tantum
1182 1537 1247 1594 vita

157 1655 255 1696 secum
267 1635 322 1694 fert
334 1637 500 1713 periculum.
523 1635 601 1702 Quid
614 1644 706 1695 autem
720 1635 893 1702 faciendum,
908 1633 975 1692 dum
990 1636 1069 1693 novit
1081 1634 1246 1712 chirurgum

155 1736 184 1793 iu
199 1736 293 1793 auimo
306 1734 409 1793 habere
432 1735 541 1804 soetum,
556 1735 712 1813 forcipibus
734 1735 879 1803 adhibitis,
893 1734 1051 1803 extrahere,
1066 1734 1111 1792 vel
1124 1735 1154 1792 in
1168 1742 1248 1793 utero

155 1835 332 1913 extinguere,
342 1836 496 1912 pharmaco
510 1833 585 1905 dato,
601 1845 632 1893 ut
646 1836 742 1893 matris
751 1843 877 1893 serretur
892 1834 968 1891 vitai
996 1833 1143 1907 Equidem
1157 1852 1246 1907 quum

156 1935 289 2008 utrinque
302 1936 462 2012 periculum
477 1935 522 2003 sit,
538 1946 607 2011 puto
630 1934 707 1992 haud
725 1943 856 2012 oportere
878 1951 910 1990 se
930 1933 1106 2007 aliquatenus
1120 1933 1248 2009 chirurgi

157 2034 288 2093 consiliis
314 2034 492 2102 immiscere;
514 2033 553 2091 nil
575 2034 651 2091 enim
672 2032 807 2109 proderit,
828 2042 856 2090 et
873 2032 901 2089 in
915 2051 947 2090 se
961 2032 1060 2092 mortis
1074 2034 1173 2090 matris
1187 2050 1250 2090 sus-

156 2134 244 2209 cipiet
256 2130 364 2190 odium.
405 2132 555 2203 Plerisque
579 2130 695 2204 quidem
709 2132 848 2209 chirurgis
864 2130 973 2190 videtur
986 2133 1070 2192 foetus
1084 2150 1142 2190 nou
1156 2132 1249 2208 possi·

157 2229 225 2289 dere
240 2229 357 2306 plenum
374 2231 424 2306 jus
445 2230 480 2288 ad
501 2231 598 2297 vitam,
619 2229 711 2289 donec
731 2250 768 2289 ex
788 2242 869 2289 utero
892 2249 1025 2307 egressus
1059 2232 1105 2299 sit,
1120 2239 1148 2288 et
1160 2230 1251 2289 veluti

159 2346 226 2405 pars
240 2328 338 2386 matris
352 2326 478 2397 habetur,
503 2348 565 2401 quae
587 2348 651 2387 cum
666 2329 756 2406 ipsius
770 2339 934 2389 morte—non
954 2340 998 2388 est
1010 2329 1168 2388 servandar
1190 2330 1249 2387 imo

156 2437 300 2498 tamquam
327 2445 476 2503 aggressor
500 2427 530 2484 in
555 2429 651 2485 matris
677 2429 774 2498 vitam,
801 2427 942 2487 tollendus
975 2437 1114 2487 censetur.
1159 2426 1247 2494 Quod

158 2528 183 2584 si
197 2525 346 2603 chirurgus
361 2525 430 2600 quid
442 2527 526 2585 liceat
539 2536 623 2604 petat,
635 2530 734 2592 nescio
743 2526 888 2601 quomodo
902 2529 959 2585 vita
972 2528 1055 2585 foetus
1070 2529 1129 2586 tolli
1140 2529 1249 2600 absque

159 2626 245 2702 culpa
258 2635 352 2699 queat.
395 2627 428 2684 si
443 2637 531 2684 mater
545 2636 623 2703 petat
636 2625 705 2700 quid
718 2627 772 2684 sibi
792 2626 954 2684 faciendum
968 2627 1014 2693 sit,
1029 2626 1141 2684 videtur
1154 2627 1250 2685 dicen·

159 2725 226 2784 dum
248 2737 376 2802 oportere
401 2725 565 2802 chirurgum
592 2724 673 2783 crare
707 2735 738 2784 ut
766 2725 830 2782 vitae
853 2725 949 2791 foetus,
972 2725 1051 2785 omui
1078 2743 1133 2796 qua
1160 2727 1253 2802 possit

157 2825 276 2894 ratione,
291 2825 428 2884 consulat.

195 2928 246 2983 23.
272 2924 338 2983 Jam
359 2925 485 2984 diximus
506 2927 674 2984 sententiam
692 2944 755 2999 quae
776 2935 874 2984 censet
892 2923 1096 3001 baptizandum
1114 2943 1179 2983 esse
1194 2928 1248 2985 sub

157 3022 319 3083 conditione
333 3024 432 3083 soeturn
447 3026 476 3083 in
490 3035 570 3085 utero
583 3024 677 3084 adhuc
690 3025 836 3092 latentem,
851 3024 887 3082 de
901 3026 982 3101 cujus
996 3022 1147 3084 eductione
1168 3025 1249 3084 dubi·

157 3132 239 3189 tatur,
253 3125 278 3180 si
299 3142 373 3195 aqua
393 3122 428 3180 ad
448 3141 513 3180 eum
533 3123 652 3200 perduci
671 3125 771 3200 possit,
792 3124 907 3200 probari
932 3121 1092 3184 Benedicta
1112 3123 1197 3181 XIV.
1219 3126 1249 3184 in

157 3218 266 3277 erudito
285 3201 372 3295 opere
386 3220 421 3278 de
442 3220 554 3295 synodo
574 3205 751 3279 dioecesana:
773 3221 824 3279 sed
841 3241 931 3296 quum
948 3223 1021 3281 nihil
1040 3222 1205 3299 hujusmodi
1219 3225 1250 3282 in

158 3317 265 3376 Rituali
285 3317 409 3376 Romanl
429 3320 634 3395 praescribatur,
656 3339 714 3379 non
735 3320 845 3378 videtur
870 3321 1009 3400 obligatus
1030 3321 1066 3380 ad
1085 3320 1113 3379 id
1134 3323 1249 3383 consilii

156 3425 260 3494 sponte
273 3415 409 3475 dandum.

196 3519 246 3573 24.
269 3513 446 3591 Baptizanda
456 3534 513 3574 non
524 3525 566 3574 est
579 3536 674 3575 massa
686 3536 787 3577 carnea
801 3538 864 3592 quae
873 3539 910 3578 ex
924 3521 1021 3579 abortu
1035 3521 1131 3597 prodit
1141 3522 1248 3595 absque

156 3613 213 3674 ulla
232 3633 405 3694 organorum
425 3614 625 3691 dispositione,
639 3617 685 3675 vel
697 3619 762 3676 vita
781 3618 880 3694 signo:
902 3618 979 3692 quod
992 3621 1017 3676 si
1029 3620 1140 3692 'aliquis
1154 3629 1248 3681 motus

157 3714 250 3774 vitalis
267 3716 296 3774 in
311 3715 379 3774 totu
396 3714 526 3774 abortivo
545 3715 695 3785 indicetur,
709 3716 868 3794 baptismus
883 3718 936 3776 sub
956 3717 1119 3778 conditione
1138 3718 1248 3779 dandus

158 3816 220 3875 erit·
554 3794 674 3901 “4¹¹5

195 3918 244 3974 25.
267 3915 353 3974 Valet
364 3916 528 3992 baptismus¹
536 3932 550 3989 '.
558 3898 571 4003 ι’
646 3980 649 3985 ¹
675 3906 692 3929 ”
737 3925 844 3993 rputet
856 3915 993 3974 infantem
1007 3934 1071 3975 csse
1090 3917 1247 3986 alium,ch

157 4027 287 4085 pucmm,
303 4033 366 4087 quae
380 4015 477 4091 puella
490 4020 558 4082 este'
571 4006 640 4077 Min
653 4010 735 4095 datur
747 4016 891 4093 praesenti.

195 4112 244 4166 26.
266 4111 312 4168 Dc
338 4115 473 4172 monstris
493 4114 563 4173 dicit
588 4114 621 4172 S.
645 4113 830 4191 Alphcnsus:
864 4123 883 4151 ‘⁴
894 4113 1017 4181 Quando
1038 4114 1189 4184 dubitatur,
1214 4135 1249 4174 an

157 4215 315 4268 moustmm
329 4211 367 4268 sit
379 4211 478 4280 homo,
495 4213 701 4290 baptizandum.
714 4214 852 4284 absolute,
874 4217 898 4273 si
923 4222 1008 4290 caput
1027 4215 1065 4273 sit
1079 4212 1248 4284 humanum,

582 4381 623 4445 (l)
643 4377 672 4427 L.
684 4378 715 4429 vi.
727 4395 753 4430 n.
768 4383 821 4430 106.
