2640 4860
448 375 505 434 DE
526 375 837 436 ausOLUTIONE.
1126 385 1186 440 919

99 541 326 620 abrumpendum
352 552 397 600 est
421 544 605 611 consortium,
629 542 675 600 vel
700 543 858 603 adhibenda
880 545 999 613 cautela,
1021 555 1053 604 nt
1074 548 1188 606 occasio

96 644 232 720 proxima
245 660 309 700 esse
322 640 441 700 desinat.

141 744 211 800 194.
232 741 291 807 Qui
304 741 411 812 absque
424 740 482 798 ulla
494 741 684 816 promissione
698 741 870 799 matrimonii
892 743 1065 801 consortium
1087 743 1185 821 hujus·

94 839 178 898 modi
191 840 381 913 frequentant,
395 849 424 896 et
442 840 550 907 oscula,
565 840 654 897 aliave
672 842 775 898 amoris
788 840 893 898 indicia
903 840 971 898 dant
990 844 1185 920 excipiuntvc,

93 948 166 998 sunt
176 940 207 996 in
216 939 365 997 occasione
375 938 517 1015 proxima,
529 957 614 1010 quam
626 938 755 997 deserere
767 948 906 1006 tenentur;
920 939 981 998 haec
992 943 1068 999 enim
1077 950 1185 1017 utpote,

92 1038 178 1097 nulla
203 1038 309 1095 ratione
329 1038 522 1105 cohonestata,
537 1038 611 1095 inter
630 1039 727 1114 gravia
749 1047 865 1114 peccata
888 1039 1081 1098 enumeranda
1100 1049 1186 1108 sunt;

92 1138 229 1196 oriuntur
238 1137 315 1195 enirn
326 1155 363 1194 ex
373 1136 500 1205 libidine,
511 1145 539 1194 et
548 1137 705 1212 periculum
714 1137 896 1196 manifestum
905 1137 1035 1195 afferunt.
1077 1137 1187 1196 Puellae

92 1254 164 1310 quae
190 1236 351 1293 invisuntur
376 1236 550 1309 aliquandiu,
574 1244 695 1311 possunt
714 1257 731 1293 a
752 1237 831 1312 gravi
857 1247 974 1313 peccato
994 1237 1135 1305 excusari,
1162 1239 1188 1295 si

94 1333 200 1393 oscula
212 1333 288 1391 haud
306 1334 426 1393 libenter
448 1333 604 1403 admittant,
626 1343 655 1392 et
679 1354 761 1411 spem
778 1335 900 1393 habeant
919 1336 1098 1412 sponsalium
1118 1352 1189 1395 mox

94 1432 308 1492 faciendorum.
352 1433 425 1491 Haec
437 1433 509 1493 mihi
522 1433 662 1501 videntur,
677 1433 727 1492 sed
741 1452 800 1492 rein
821 1434 994 1494 difficultatis
1015 1436 1128 1512 plenam
1152 1433 1189 1493 ad

95 1533 290 1609 sapientiores
305 1533 427 1590 remitto.

145 1635 214 1689 195.
237 1632 482 1706 Quotiescumque
495 1631 630 1691 remediis
649 1633 754 1708 pluries
776 1632 918 1703 adhibitis,
932 1636 1058 1691 oratione
1072 1633 1190 1701 scilicet,

99 1750 200 1790 rerum
212 1738 378 1790 aeternarum
392 1733 582 1798 meditatione,
589 1733 710 1808 jejunio,
720 1741 786 1798 etc,
796 1731 955 1791 emendatio
965 1733 1043 1791 nulla
1053 1734 1191 1806 sequitur,

101 1828 230 1889 tollenda
242 1839 286 1887 est
304 1832 417 1889 occasio
433 1848 617 1904 ,quacumque
631 1850 696 1888 cum
706 1832 825 1907 jactura,
840 1849 876 1888 ne
897 1833 990 1889 anima
1010 1833 1039 1889 in
1053 1841 1190 1890 aeternum

97 1937 210 2006 pereat
255 1920 333 1987 Hinc
352 1932 513 1989 communis
528 1940 571 1988 est
584 1930 817 1997 seutentia,teste
832 1930 863 1987 S.
886 1931 1047 2006 hlphouso,
1062 1949 1128 1989 eum
1143 1930 1192 2002 qui

99 2026 239 2087 remediis
260 2027 392 2086 adhibitis
413 2048 471 2087 uon
490 2028 664 2095 emendatur,
687 2037 773 2087 “non
795 2047 880 2105 posse
901 2029 1020 2098 absolvi,
1035 2031 1091 2088 nisi
1112 2048 1192 2088 occa·

99 2128 215 2186 sionem
237 2125 432 2186 deserat·cum
449 2129 558 2205 jactura
578 2127 671 2185 adhuc
694 2129 767 2195 vitae,
786 2129 811 2184 si
825 2147 896 2205 opus
918 2130 964 2197 sit,
979 2129 1094 2201 quando
1116 2129 1195 2187 nulla

102 2224 278 2294 emendatio,
292 2245 345 2285 nec
365 2228 519 2303 probabilis
533 2246 599 2302 spes
620 2226 825 2285 emendationis
846 2237 986 2303 appareat.
1029 2229 1113 2286 Ratio
1128 2228 1195 2302 quia

103 2325 195 2384 homo
209 2333 318 2384 tenetur
331 2344 395 2384 cum
409 2327 488 2384 omni
504 2328 614 2404 jactura
628 2326 714 2383 vitare
728 2327 885 2401 periculum
900 2329 1064 2402 proximum
1085 2328 1194 2404 peccati

105 2420 286 2483 sarmatiam
338 2423 372 2482 Sl
391 2433 484 2483 umen
512 2424 732 2483 extraordinaria
761 2424 861 2483 dentur
880 2427 988 2484 doloris
1009 2427 1122 2495 indicia,
1143 2426 1196 2484 erit

107 2542 175 2600 spes
189 2521 407 2582 emendationis.
766 2586 769 2591 ,

140 2626 209 2681 196.
219 2623 301 2681 Licet
307 2643 391 2681 causa
402 2623 494 2697 aliqua
502 2623 578 2681 utilis
589 2634 636 2681 aut
644 2624 765 2681 honesta
775 2624 936 2698 proximam
946 2625 1126 2682 occasionem
1135 2640 1194 2680 non

109 2722 239 2799 fugiendi
248 2732 385 2791 occurrat,
393 2721 528 2799 fugienda
535 2731 630 2781 tamen
639 2732 690 2791 est,
700 2740 766 2780 nam
776 2723 877 2779 anima
886 2723 970 2780 saluti
981 2721 1121 2798 imprimis
1130 2739 1195 2778 con·

109 2820 277 2880 sulendum:
301 2831 473 2898 quapropter
488 2821 619 2880 damnata
631 2831 674 2878 est
697 2821 870 2898 propositio:
894 2821 1063 2879 “Proxima
1080 2821 1194 2879 occasio

109 2921 220 2998 peccati
232 2938 291 2978 non
304 2931 347 2978 est
358 2920 503 2998 fugienda,
515 2919 629 2993 quando
645 2939 729 2978 causa
742 2919 836 2993 aliqua
846 2920 934 2988 utilis,
947 2929 995 2977 aut
1007 2920 1195 2977 honestanon

110 3019 237 3095 fugiendi
249 3014 420 3078 occurrit.”²
459 3020 527 3078 Fuit
539 3021 588 3092 qui
602 3019 709 3100 diceret
720 3019 806 3076 licere
821 3038 946 3092 quaerere
960 3019 1064 3076 directe
1079 3037 1195 3076 causam

108 3119 271 3195 proximam
281 3118 416 3194 peccandi
425 3137 477 3194 pro
486 3120 561 3176 bono
570 3118 711 3196 spirituali
720 3117 764 3174 vel
774 3118 921 3194 temporali
930 3129 1037 3185 nostro,
1047 3119 1091 3175 vel
1101 3118 1197 3194 proxi·

107 3210 204 3276 ιῐιί;”3
217 3217 267 3274 sed
282 3217 413 3275 abhorret
423 3219 458 3275 ab
472 3219 551 3277 omni
561 3219 674 3295 pietatis
688 3235 785 3286 sensu,
794 3235 882 3291 quum
896 3227 1042 3295 peccatum
1056 3219 1094 3274 sit
1107 3234 1196 3292 perse

110 3316 229 3384 malurn,
244 3318 321 3389 quod
334 3317 439 3375 nullius
453 3318 520 3375 boni
533 3317 647 3375 obtentu
662 3315 824 3376 laciendum
845 3327 898 3376 cst.
942 3317 1026 3384 Quod
1041 3318 1066 3375 si
1080 3326 1198 3375 externa

110 3416 225 3473 occasio
238 3416 347 3498 peccati
360 3417 472 3473 muneri
485 3435 537 3474 suo
550 3416 697 3483 inhaereat,
709 3424 814 3475 etcum
829 3435 930 3493 magna
944 3418 989 3475 sui
999 3417 1117 3475 utilitate
1131 3435 1199 3474 con·

108 3515 209 3591 juncta
221 3515 268 3582 sit,
283 3514 378 3572 licebit
390 3514 528 3589 peccandi
541 3516 710 3591 periculum,
725 3515 851 3575 adhibita
872 3518 990 3584 cautela,
1006 3516 1113 3583 tollere,
1129 3516 1199 3588 quin

113 3614 206 3671 statim
217 3632 321 3671 munus
330 3613 483 3672 deseratur.
505 3614 554 3671 Sic
564 3613 692 3672 medicus
706 3613 788 3672 debet
801 3617 913 3692 pietatis
923 3615 1063 3690 praesidiis
1072 3624 1199 3691 paratum

114 3731 145 3770 se
156 3711 281 3779 efficere,
290 3720 321 3769 ut
333 3732 414 3771 suam
424 3722 555 3770 exerceat
566 3724 663 3782 artem,
674 3732 758 3785 quam
770 3733 828 3772 non
837 3714 931 3795 statim
941 3714 1070 3771 deserere
1081 3721 1200 3777 tenetur,

116 3811 182 3870 licet
194 3812 284 3869 semel
298 3812 343 3869 vel
357 3812 399 3869 bis
413 3813 442 3870 in
455 3831 489 3870 ea
509 3813 682 3888 peccaverit:
705 3812 781 3884 quod
801 3812 826 3869 si
846 3811 951 3887 saepius
964 3812 1113 3876 relabatur,
1129 3809 1201 3866 adeo

117 3918 147 3967 ut
158 3929 209 3986 spe
220 3910 303 3968 cadat
315 3909 531 3980 emendationis,
547 3910 630 3969 debet
643 3911 671 3968 id
684 3911 784 3969 saltem
798 3911 864 3967 artis
876 3910 1043 3967 exercitium
1058 3908 1199 3974 deserere,

118 4007 193 4080 quod
212 4011 368 4086 perniciem
395 4011 496 4069 animae
522 4011 673 4069 consuevit
697 4009 815 4067 afferre:
835 4026 872 4065 rr
886 4027 921 4084 g:
942 4007 1098 4083 puellarum
1122 4025 1201 4064 cura·

119 4107 233 4166 tionem.
276 4109 355 4167 Hinc
368 4108 437 4169 dicit
451 4111 501 4187 jus
521 4109 710 4169 canonicum:
731 4106 847 4166 “Falsa
865 4107 949 4164 etiam
969 4104 1005 4165 fit
1027 4106 1201 4182 poenitentia,

159 4265 200 4331 (1)
220 4262 251 4312 L.
261 4263 293 4312 vi.
305 4279 331 4313 n.
342 4265 400 4313 457.
587 4267 628 4329 (2)
648 4263 720 4326 Prop.
731 4261 773 4311 lxi.
784 4261 847 4311 inter
857 4262 981 4311 damnatas
991 4263 1019 4310 ab
1030 4261 1113 4311 Innoc.
1125 4260 1170 4310 XI.
1248 4280 1272 4291 ··

582 4351 624 4416 (3)
644 4350 709 4413 Prop
719 4348 779 4398 lxiii.
