2640 4860
122 379 182 434 342
317 366 376 428 DE
397 366 718 428 lMPEDIMENTIS
739 366 1020 429 MATRIMONII.

123 537 359 615 impedimentum
371 535 434 614 jam
447 536 534 612 viget,
547 532 624 607 quod
637 533 753 593 nonnisi
765 552 803 593 ex
816 535 948 594 facultate
963 555 980 594 a
993 534 1131 612 pontifice
1144 536 1209 612 epis·

123 638 205 713 copis
218 635 357 711 delegata,
372 633 493 691 relaxari
505 643 607 711 potest.

165 739 231 792 163.
254 733 440 791 Matrimonia
460 734 532 790 inter
553 732 708 808 baptizatos
722 733 800 790 irrita
819 751 879 791 nou
901 742 980 800 sunt,
1003 733 1073 791 licet
1086 733 1209 790 alteruter

122 834 225 892 haeresi
252 833 297 890 vel
327 833 411 889 etiam
438 831 602 890 infidelitate
629 831 751 888 laboret:
783 842 905 890 attamen
927 833 996 909 jure
1021 831 1209 890 ecclesiastico

126 932 266 990 habentur
280 931 373 996 vetita,
395 929 473 1002 quod
493 949 530 987 ex
550 930 681 987 conciliis
695 928 869 998 Laodicena,
890 931 1063 1007 Agathensi,
1079 940 1107 988 et
1118 929 1213 988 Laodi·

123 1049 197 1089 ceno
211 1030 319 1106 colligit
333 1028 506 1086 Benedictus
521 1023 620 1086 mv)
640 1027 713 1085 lllud
727 1038 838 1087 constat
851 1048 889 1087 ex
903 1024 1035 1105 pluribus
1050 1029 1211 1106 pontificum

124 1130 329 1195 sanctionibus,
345 1128 549 1185 recentioribus
563 1128 729 1203 praesertim,
744 1146 778 1184 ea
791 1127 865 1185 haud
879 1127 966 1185 licere
981 1129 1039 1186 nisi
1052 1147 1091 1186 ex
1104 1127 1210 1204 dispen-

124 1229 235 1286 satione
258 1225 420 1303 pontificia:
443 1244 527 1297 quam
548 1225 678 1301 episcopi
699 1226 884 1284 missionariis
908 1229 1136 1295 communicant,
1151 1246 1211 1284 con·

123 1326 279 1385 ditionibus
293 1325 430 1400 appositis
443 1342 507 1395 quas
520 1323 618 1381 eadem
634 1325 797 1382 auctoritate
818 1333 987 1383 statuuntur.
1031 1325 1127 1384 Ptolis
1140 1327 1210 1382 insti·

125 1425 225 1483 tutioni
239 1423 396 1489 catholicae,
410 1423 485 1480 sicut
498 1434 526 1479 et
538 1421 668 1499 conjugis
681 1423 814 1481 catholici
825 1423 947 1481 libertati
958 1424 1104 1501 imprimis
1117 1443 1210 1482 consu·

125 1523 241 1582 lendum
266 1532 319 1589 est,
347 1522 536 1597 promissione
562 1522 648 1579 etiam
665 1521 760 1597 jurata
779 1523 815 1580 iis
844 1521 880 1580 de
906 1524 992 1580 rebus
1013 1525 1138 1582 emissa:
1164 1523 1210 1580 aad

124 1640 213 1694 quum
228 1621 357 1679 molestia
377 1621 504 1678 suscitari
519 1630 617 1696 posset
629 1619 732 1677 alicubi
752 1621 890 1680 sacerdoti
908 1623 1107 1699 juramentum
1121 1623 1210 1680 minis·

124 1721 217 1786 trauti,
231 1730 260 1777 et
273 1737 360 1792 quum
379 1719 508 1795 plerique
519 1721 569 1777 vix
579 1718 683 1777 adduci
696 1731 814 1795 possent
826 1730 856 1778 ut
866 1719 937 1778 illud
947 1729 1095 1797 praestent,
1110 1721 1210 1779 videtur

124 1817 256 1876 sufficere
271 1828 301 1875 ut
313 1835 408 1876 coram
423 1818 488 1876 Deo
508 1819 674 1876 solemniter
688 1818 909 1896 interrogentur:
931 1819 995 1878 haec
1008 1821 1089 1878 enim
1103 1820 1208 1896 estipsa

123 1918 168 1974 vis
190 1917 356 1994 juramenti.
400 1917 482 1976 Nulli
507 1918 626 1975 omnino
647 1915 801 1975 adhibendi
827 1928 895 1975 sunt
920 1919 1002 1987 ritus,
1031 1937 1143 1995 preces,
1168 1918 1208 1975 vel

122 2028 217 2073 vestes
228 2034 334 2082 sacrae;
349 2016 398 2073 sed
409 2034 565 2073 consensus
578 2015 801 2074 contrahentium
815 2016 966 2093 excipitur,
978 2015 1126 2076 sacerdote
1137 2018 1207 2074 testis

122 2112 363 2179 auctorisabilis,
382 2116 422 2173 uti
442 2113 550 2180 dicunt,
573 2132 691 2171 munere
705 2115 839 2192 fungente
851 2110 875 2182 ;¹
895 2116 935 2172 nil
948 2127 1045 2174 autem
1061 2126 1136 2173 vetat
1147 2135 1206 2174 con·

117 2213 205 2288 juges
226 2229 357 2269 sermone
380 2213 460 2288 gravi
481 2210 516 2268 de
538 2211 651 2268 vinculo
672 2214 853 2281 matrimonii,
875 2214 951 2286 quod
974 2214 1056 2273 nullo
1078 2216 1108 2272 in
1121 2233 1207 2272 rerum

121 2320 223 2367 eventu
245 2310 317 2368 solvi
338 2319 432 2380 queat,
453 2318 551 2367 oontra
572 2328 699 2368 errorem
723 2310 758 2369 de
778 2311 898 2371 divortio
912 2313 1069 2390 vigentem,
1085 2333 1206 2380 monere,

120 2426 229 2482 eosque
243 2407 278 2466 ad
293 2407 415 2464 veritatis
429 2408 599 2485 pietatisque
612 2409 737 2468 studium
751 2412 886 2469 excitare.
928 2411 1017 2470 Haud
1031 2413 1105 2470 intra
1115 2413 1207 2488 templi

122 2510 270 2576 ambitum,
289 2506 412 2579 ideoque
434 2508 483 2565 vix
505 2509 534 2566 in
554 2508 693 2576 sacristia,
715 2511 819 2586 nuptia
840 2509 1008 2586 hujusmodi
1028 2511 1207 2569 concilianda

121 2602 214 2666 suut.²
233 2608 340 2667 Annali
381 2626 449 2665 usus
464 2609 570 2679 absque
590 2607 647 2664 ulla
661 2607 869 2677 benedictione,
886 2609 931 2666 vel
952 2628 1047 2685 prece,
1062 2610 1108 2667 vel
1120 2611 1207 2668 verbis

122 2709 237 2783 prolatis
265 2707 332 2766 dum
356 2708 522 2783 imponitur,
551 2707 661 2764 videtur
686 2708 809 2783 permitti
829 2726 925 2783 posse.
981 2708 1152 2767 Cavendum
1176 2726 1208 2766 ne

121 2808 333 2865 matrimonium
365 2807 406 2863 sic
427 2815 598 2864 contractum
626 2806 755 2863 credatur
781 2808 950 2865 sacramenti
970 2809 998 2864 vi
1022 2819 1051 2866 et
1076 2808 1207 2885 dignitate

120 2924 226 2973 carere,
242 2925 307 2964 nam
318 2907 402 2982 juxta
416 2924 599 2963 communem
614 2905 782 2963 sententiam
797 2915 958 2964 contractus
968 2907 1042 2965 inter
1054 2907 1207 2982 baptizatos

120 3015 163 3060 est
177 3015 402 3063 sacramentum:
417 3003 538 3075 ideoque
559 3003 712 3061 eutrandum
738 3013 769 3060 ut
781 3004 936 3062 catholicus
958 3024 989 3063 se
1010 3007 1062 3063 rite
1084 3015 1163 3082 paret
1175 3005 1207 3062 ad

119 3105 247 3178 gratiam,
263 3123 350 3177 quum
365 3102 516 3160 accedente
531 3103 752 3178 dispensatione,
768 3103 805 3160 ob
820 3122 919 3180 graves
935 3115 1047 3173 causas,
1062 3114 1091 3162 et
1104 3104 1208 3162 cautela

120 3200 256 3269 adhibita,
271 3203 347 3260 licite
360 3203 423 3260 iniri
437 3202 538 3277 possit.

161 3304 226 3355 164.
256 3298 307 3357 Via
322 3303 427 3376 injuste
441 3302 517 3357 illata
530 3300 565 3356 ad
579 3320 750 3358 consensum
767 3303 795 3359 in
809 3302 1023 3360 matrimonium
1039 3311 1206 3375 extorquen-

117 3395 184 3452 dum
199 3396 267 3453 facit
280 3415 315 3453 ne
330 3398 431 3463 valeat,
452 3400 477 3454 si
499 3399 592 3472 gravis
608 3399 673 3456 inde
688 3402 792 3458 oriatur
806 3409 915 3457 metus:
938 3401 976 3458 ita
989 3401 1067 3459 enim
1082 3402 1206 3460 decrevit

117 3494 248 3552 Ecclesia
261 3493 381 3552 libertati
396 3496 521 3570 conjugii
536 3495 661 3563 studens,
687 3508 715 3555 et
723 3500 773 3574 jus
788 3500 935 3576 explicans
949 3509 1076 3558 naturae:
1102 3500 1203 3558 “Cum

115 3593 213 3652 locum
240 3613 297 3651 non
319 3595 420 3652 habeat
444 3611 613 3662 consensus,
635 3596 684 3651 ubi
711 3605 803 3654 metus
836 3599 882 3655 vel
905 3600 1014 3657 coactio
1048 3600 1203 3665 intercedit,

116 3712 233 3752 necesse
247 3704 299 3762 est,
315 3705 345 3754 ut
360 3695 406 3753 ubi
429 3712 564 3752 assensus
589 3695 757 3770 cujusquam
778 3698 937 3769 requiritur,
952 3698 1108 3757 coactionis
1123 3710 1204 3756 mate·

113 3793 155 3849 ria
175 3794 341 3870 repellatur;
364 3795 574 3853 matrimonium
599 3806 693 3854 autem
714 3794 777 3853 solo
799 3815 940 3854 consensu
963 3799 1157 3865 contrahitur;
1178 3809 1204 3854 et

149 3969 192 4033 (l)
213 3967 250 4017 De
262 3969 355 4033 synodo
366 3969 500 4019 dioecesana
512 3970 527 4017 l.
539 3970 570 4020 vi.
582 3986 602 4018 c.
615 3986 637 4016 v.
675 3969 734 4017 Vide
751 3977 775 4018 et
793 3969 897 4018 Oonstit.
914 3971 999 4021 xxxiv.
1016 3975 1038 4030 ξ.
1058 3975 1082 4020 3.
1101 3973 1200 4022 Bullarii

112 4050 228 4112 ejusdem.

147 4135 190 4199 (2)
212 4136 271 4184 Vide
284 4138 323 4186 Pii
336 4139 391 4187 VII.
405 4140 495 4187 Breve:
510 4138 769 4206 Etsisratemitotia,·
783 4141 813 4190 ad
825 4141 929 4204 archiep.
938 4142 1042 4204 Mogun.
1053 4159 1119 4192 anno
1134 4146 1201 4194 1803.

146 4218 189 4281 (3)
212 4219 272 4267 Vide
284 4221 387 4274 Ritualis
400 4223 503 4272 Romani
520 4225 699 4288 compendium,
718 4225 845 4275 Baltimori
862 4242 941 4290 nuper
957 4227 1057 4287 editum,
1073 4229 1155 4278 adnot.
1172 4228 1199 4277 de

48 4348 53 4357 ,
109 4313 157 4348 suc.
169 4308 226 4351 mat.
