2640 4860
233 340 290 401 DE
312 338 677 400 consEoRnTmNE
698 340 1015 402 EUOHARISTIAE.
1125 348 1162 404 71

119 511 162 566 tu.
184 493 255 568 Vini
276 516 361 584 guttae
382 507 463 566 calici
481 507 659 566 extrinsecus
673 506 846 566 adherentes
861 527 919 582 uon
932 520 1085 570 censentur
1098 530 1165 570 cou-

81 616 210 676 secratae3
234 627 299 666 narn
313 607 433 666 intentio
454 607 542 664 fertur
563 605 599 664 ad
619 608 716 666 vinum
738 608 815 680 quod
837 609 927 666 calice
952 611 1123 678 continetur,
1137 619 1167 669 et

79 724 158 784 grave
179 707 253 765 soret
276 717 425 783 peccatum
448 724 496 763 eas
521 705 592 763 velle
612 725 780 765 consecrare
792 704 815 765 :¹
828 707 864 766 de
883 710 968 785 guttis
989 711 1070 768 latori
1090 711 1166 768 intus

78 806 285 866 adhaerentibus
306 805 467 873 dubitatur;
492 806 612 863 intentio
636 806 751 879 quidem
773 807 831 865 vini
859 809 972 884 copiam
999 811 1166 868 continuam

77 906 219 982 respicere
246 905 365 973 videtur,
390 923 474 978 quam
508 903 543 962 ad
575 923 638 964 eam
668 907 768 964 arctari
798 906 999 966 commendant
1027 909 1165 988 theologi,

76 1006 207 1079 quemvis
222 1004 396 1065 Benedictus
409 1003 494 1064 XIV.
509 1003 586 1062 dicat
596 1005 684 1065 tutius
695 1023 759 1064 esse
770 1024 818 1063 eas
831 1015 975 1078 tamquam
986 1021 1167 1068 consecratas

10 1142 13 1155 ι
77 1103 188 1163 habere.
232 1105 322 1182 Igitur
331 1105 359 1162 in
370 1104 570 1163 commuuione
579 1084 693 1180 prestat
705 1122 764 1173 eas,
779 1115 845 1182 post
854 1106 985 1165 haustum
999 1110 1168 1185 sanguinem

77 1205 244 1281 pretiosum,
258 1204 352 1262 statim
366 1221 480 1262 sumere
495 1213 559 1261 ante
572 1203 761 1262 ablutionem:
777 1204 828 1262 sed
849 1206 916 1283 angi
930 1206 994 1278 quis
1009 1208 1095 1265 nimis
1109 1227 1168 1267 non

77 1304 169 1362 debet.
214 1304 323 1362 Vinum
337 1305 366 1361 in
380 1301 484 1380 phialis
497 1303 528 1360 in
541 1302 636 1361 eltaris
650 1305 778 1380 margine
792 1304 942 1376 aliquando
956 1306 1095 1373 relictum,
1110 1325 1166 1365 non

78 1404 239 1462 babendum
251 1412 295 1460 est
307 1412 504 1467 consecratum
516 1421 524 1470 3
539 1421 592 1460 nec
606 1403 681 1462 enim
696 1403 875 1475 aliquatenus
889 1403 958 1462 illud
972 1406 1169 1482 complectitur

79 1504 234 1563 intentione
259 1500 411 1560 sacerdos:
440 1500 491 1558 sed
517 1502 635 1562 omnino
661 1502 818 1561 cavendum
846 1524 881 1563 ne
909 1503 1012 1580 phialae
1033 1506 1062 1563 in
1088 1507 1168 1564 altari

79 1612 221 1670 maneant,
236 1620 325 1676 quum
335 1602 368 1660 iu
383 1619 493 1669 mensa,
508 1619 558 1658 seu
573 1601 726 1670 credentia,
741 1605 846 1679 apponi
858 1604 989 1662 debeant.

117 1707 164 1760 13.
186 1701 310 1761 Materia
334 1701 519 1760 determinata
544 1719 608 1758 esse
636 1700 720 1758 debet
740 1703 768 1759 in
791 1722 875 1775 quarn
896 1703 1028 1781 dirigitur
1047 1705 1167 1762 intentio

81 1801 250 1861 sacerdotis:
266 1819 332 1859 narn
343 1801 471 1877 humano
486 1800 571 1858 modo
592 1800 752 1858 exercenda
773 1811 816 1858 est
836 1811 960 1878 potestas
981 1804 1051 1861 sacri
1072 1807 1170 1862 minis·

83 1903 152 1960 terii.
196 1899 342 1958 Caeterum
356 1919 429 1978 opus
444 1918 501 1958 uon
515 1909 560 1957 est
571 1909 602 1958 ut
614 1901 685 1958 sciat
698 1919 847 1959 numerum
863 1902 1030 1970 hostiarum,
1041 1902 1085 1961 vel
1099 1903 1168 1960 alias

83 2001 241 2078 specialiter
254 1999 384 2078 designet
404 2018 466 2072 quas
488 1999 546 2058 sint
565 1998 775 2067 consecrandae,
790 1999 947 2059 dummodo
966 2019 1029 2074 quae
1050 2011 1113 2058 ante
1139 2020 1172 2060 se

84 2100 180 2177 positae
193 2109 271 2169 sunt,
286 2099 356 2158 velit
374 2117 558 2157 consecrare:
582 2108 601 2134 “
611 2099 677 2157 ideo
691 2100 810 2173 quilibet
829 2100 963 2160 sacerdos
984 2099 1067 2159 talem
1082 2101 1173 2160 inten-

84 2201 187 2258 tionem
208 2200 313 2258 habere
334 2199 426 2267 debet,
445 2199 555 2257 scilieet
574 2199 760 2258 consecrandi
776 2219 888 2270 omnes,
903 2220 974 2274 quas
994 2210 1058 2258 ante
1078 2220 1109 2259 se
1134 2196 1203 2261 ds.

86 2299 309 2359 consecrandum
323 2299 430 2377 positas
443 2293 578 2357 habet.'’²
598 2299 660 2356 “Si
672 2308 774 2376 putans
788 2320 819 2358 11
831 2312 927 2359 tenere
940 2321 1024 2360 unam
1038 2300 1174 2371 hostiam,

86 2409 148 2476 post
158 2400 406 2458 consecrationem
427 2398 567 2457 invenerit
584 2399 672 2456 fuisse
693 2398 762 2457 duas
783 2401 871 2461 simul
885 2402 1011 2478 junctas,
1025 2402 1055 2459 in
1075 2419 1174 2477 sump-

87 2500 160 2558 tione
179 2508 275 2557 sumat
294 2498 380 2558 simul
400 2491 597 2569 utramque.’'³
629 2497 719 2575 Igitur
740 2497 802 2555 duae
829 2500 968 2558 habentur
987 2509 1171 2568 consecratae,

87 2601 151 2671 quia
164 2597 299 2657 sacerdos
319 2597 409 2656 voluit
428 2614 595 2655 consecrare
615 2615 701 2670 quam
722 2596 834 2655 tenebat
856 2599 988 2656 manibus
1014 2598 1172 2655 materiam.

88 2698 134 2757 Sic
147 2701 173 2757 si
188 2699 316 2775 posuerit
327 2696 436 2755 hostias
450 2714 538 2772 snper
551 2705 681 2773 patenam
695 2695 793 2754 decem
809 2715 937 2764 numero,
951 2696 992 2754 uti
1009 2696 1174 2763 estimabat,

86 2817 146 2870 quae
161 2809 258 2857 tamen
272 2805 351 2856 erant
363 2795 508 2862 rmdecim‚
522 2814 623 2854 omues
637 2807 810 2854 consecrate
824 2794 959 2854 habende
976 2805 1069 2854 erunt.
1112 2795 1175 2854 Ma·

88 2898 154 2956 teria
167 2917 232 2972 quae
254 2897 385 2955 sensibus
407 2895 517 2972 percipi
537 2903 640 2972 potest,
654 2896 813 2953 consecrari
833 2895 916 2962 valet,
931 2913 1019 2967 quum
1040 2894 1176 2953 Christus

87 2996 191 3056 nullam
213 2995 355 3055 definierit
375 2995 583 3068 quantitatem,
598 2993 650 3051 sed
675 2994 852 3053 consuetudo
872 2994 1011 3053 Ecclesiae
1037 2994 1177 3052 servanda

87 3105 137 3154 111.

127 3200 175 3254 14.
199 3195 328 3267 Utraque
349 3195 467 3253 materia
488 3211 525 3251 ex
548 3203 689 3269 precepto
711 3194 808 3253 divino
829 3194 1023 3254 consecranda
1044 3205 1097 3262 est,
1112 3213 1177 3253 nam

89 3294 222 3354 Christus
231 3295 321 3374 jussit
333 3303 364 3353 ut
376 3294 456 3352 fieret
469 3291 545 3365 quod
560 3294 622 3368 ipse
636 3294 712 3363 fecit,
722 3313 825 3371 panem
837 3304 865 3353 et
878 3295 975 3354 vinum
989 3313 1175 3354 consecrans:

88 3394 164 3468 quod
187 3403 216 3452 et
236 3395 427 3453 necessarium
448 3402 536 3450 estut
555 3393 688 3452 sacrificii
708 3395 778 3453 ratio
792 3397 821 3453 in
842 3395 970 3472 corporis
984 3405 1012 3454 et
1031 3395 1179 3472 sanguinis

88 3495 231 3554 oblatione
245 3495 366 3553 seorsim
379 3494 452 3552 sacta
466 3491 612 3561 habeatur,
626 3494 754 3570 corporis
769 3515 784 3552 a
797 3495 936 3572 sanguiue
950 3497 980 3555 in
994 3515 1078 3554 cruce
1099 3513 1179 3571 sepa·

88 3595 196 3653 ratione
216 3594 354 3675 negarine,
374 3594 414 3651 uti
441 3592 528 3660 aiunt,
549 3592 684 3651 exhibita.
727 3594 833 3652 Peeeat
856 3594 961 3654 idcirco
987 3596 1109 3672 graviter
1131 3593 1181 3665 qui

90 3693 252 3753 alterutram
266 3695 393 3771 speciem
413 3692 520 3764 absque
541 3691 626 3750 altera
648 3712 814 3753 consecrare
836 3694 1007 3771 aggreditur.
1042 3693 1074 3749 Si
1096 3691 1181 3766 igitur

90 3792 162 3852 desit
172 3811 271 3852 vemm
283 3795 394 3860 vinum,
406 3792 504 3866 nequit
517 3791 650 3850 sacerdos
664 3794 833 3851 sacramenti
844 3792 1050 3851 confectionem
1062 3801 1180 3856 tentare,

90 3893 125 3951 ad
139 3893 249 3971 populo
263 3891 505 3959 satisfaciendum,
522 3890 565 3950 vel
580 3890 615 3948 ad
628 3892 850 3951 succurrendum
865 3888 1046 3956 moribundo,
1062 3887 1108 3945 vel
1128 3887 1183 3946 alia

91 4011 272 4067 quacumque
287 4011 325 4052 ex
338 4011 435 4060 causa,
448 3991 561 4050 etiamsi
574 4001 695 4050 mortem
716 3991 743 4050 ei
757 3990 899 4050 recusasti
922 3988 986 4063 quis
1008 3986 1184 4047 intentaret.⁴

127 4213 170 4278 (1)
191 4211 359 4264 Bussmbnnm
370 4211 435 4279 apud
446 4212 473 4260 S.
486 4211 559 4276 Alpln
571 4212 587 4261 l.
600 4211 631 4261 ri.
643 4227 669 4260 n.
680 4212 739 4258 219.
809 4210 852 4275 (2)
874 4208 980 4258 Rubrica
991 4208 1105 4259 Missnlis

130 4301 173 4365 (3)
192 4297 294 4348 Ibidem.
816 4295 845 4361 (4
847 4306 858 4362 )
878 4295 906 4343 S.
917 4295 992 4360 Alph.
1003 4295 1020 4345 l.
1031 4295 1063 4344 vi.
1074 4309 1099 4342 n.
1114 4296 1170 4344 197.
