2640 4860
114 358 176 416 200
471 348 529 409 DE
551 346 851 408 SPONSALIBUS.

116 521 194 599 prior
212 517 321 578 censeri
335 516 431 595 possit
445 517 594 594 jussuum
612 514 767 584 remittere,
781 515 839 574 nisi
853 523 882 572 et
894 496 959 592 ipse
971 515 1050 574 fame
1069 517 1199 594 periclite-

111 630 165 679 tur.
206 616 396 677 Pretereade
410 617 439 674 vi
458 615 636 692 sponsslium
649 613 774 691 priorum
795 615 899 690 poterit
918 614 1052 684 dubitari,
1068 619 1197 688 quumiis

111 736 210 796 psrum
224 717 329 774 tribuat
341 717 391 789 qui
403 734 437 773 es
450 714 527 773 secit.
569 713 656 781 Quod
668 713 694 769 si
707 712 742 771 de
758 715 792 772 iis
805 723 928 782 constet,
942 724 972 772 et
984 715 1049 792 ipsa
1062 734 1146 775 suum
1154 718 1198 794 jus

111 818 184 879 nolit
195 816 349 882 remittere,
364 816 468 892 poterit
479 832 546 872 eum
560 814 692 871 maritum
706 813 762 870 sibi
775 811 932 872 vindicare.

154 918 202 975 19.
223 914 327 974 Soluto
347 914 527 972 matrimonio
546 912 677 991 conjugis
698 921 798 979 morte,
814 911 995 988 sponsalium
1015 913 1146 988 priorum
1161 915 1200 973 vis

110 1032 171 1076 uon
179 1014 333 1079 reviviscit,
343 1014 425 1090 juxta
436 1014 599 1089 plerosque,
613 1020 634 1047 “
643 1011 672 1069 in
683 1022 851 1087 perpetuum
860 1015 938 1070 euim
949 1011 1062 1070 sublata
1069 1013 1199 1091 obligatio

111 1115 221 1174 mutui
235 1132 293 1171 non
312 1121 408 1189 potest
418 1104 464 1168 :”¹
484 1112 536 1168 sed
549 1120 648 1169 contra
660 1111 746 1168 sentit
766 1111 799 1167 S.
814 1106 1010 1188 Alphonsus.2
1052 1111 1133 1171 Hinc
1153 1114 1197 1186 qui

114 1213 333 1290 neglectisque
355 1210 420 1268 lecit
441 1210 635 1286 sponsalibus,
652 1227 773 1268 uxorem
792 1210 884 1276 duxit,
900 1229 935 1268 ea
953 1218 1069 1268 mortua
1091 1221 1201 1280 tenetur,

106 1314 276 1389 juxtseum,
291 1309 326 1367 ad
347 1308 494 1385 implenda
512 1309 667 1385 sponsalia,
681 1308 707 1366 si
720 1309 816 1385 puella
829 1307 922 1367 adhuc
942 1308 1066 1385 innupta
1079 1321 1196 1378 maneat,

113 1428 180 1469 nam
202 1428 354 1486 suspensa,
377 1407 452 1466 haud
475 1409 611 1475 extincta,
633 1425 667 1465 ea
682 1417 795 1465 censet:
826 1408 875 1465 alii
898 1417 995 1466 tamen
1015 1418 1124 1486 negant
1141 1428 1201 1469 eum

117 1509 216 1568 teneri

151 1611 201 1666 20.
227 1603 458 1684 Supervenisnte
483 1604 694 1684 impedimento
721 1602 881 1663 dirimente
901 1592 1126 1673 matrimonium,
1151 1607 1201 1665 sol-

115 1716 218 1763 vuntur
242 1705 407 1782 sponsalia;
437 1724 491 1764 nec
517 1706 593 1764 enim
620 1703 742 1780 amplius
766 1703 880 1780 impleri
906 1714 1039 1781 possunt.
1082 1705 1133 1763 Sic
1157 1710 1200 1779 qui

115 1822 228 1882 sponse
242 1822 369 1863 sororem
385 1805 473 1872 vitiat,
488 1804 588 1878 nequit
595 1802 756 1862 alterutram
770 1801 884 1872 ducere,
898 1822 963 1863 nam
979 1804 1074 1862 obstat
1086 1804 1200 1882 impedi-

114 1913 243 1963 mentum
266 1903 401 1981 inprime
420 1903 508 1981 gradu
530 1923 568 1962 ex
586 1901 689 1980 copula
708 1901 815 1970 illicito,
829 1921 866 1960 ne
890 1903 1038 1979 sponsalia
1056 1899 1202 1981 impleatz³

114 2003 227 2062 obstant
239 2002 383 2079 sponsalia
397 2021 432 2060 ne
446 2003 569 2061 vitiatum
583 2002 676 2061 ducat.
710 2001 840 2060 Tenetur
860 2010 954 2059 umen
973 2020 1040 2061 reus
1061 2002 1202 2081 dispensa·

115 2102 222 2161 tionem
236 2119 372 2174 querere,
386 2099 422 2156 ad
444 2101 632 2177 reparandum
648 2101 698 2177 jus
719 2101 833 2159 alterius
853 2101 964 2169 lesum,
979 2101 1037 2160 nisi
1058 2103 1124 2179 ipsa
1142 2121 1201 2161 eum

116 2200 238 2258 liberum
261 2199 352 2256 saciat.
386 2198 444 2265 Qui
465 2201 563 2275 posuit
575 2199 823 2274 impedimentum,
835 2218 893 2258 non
907 2210 1003 2276 potest
1016 2201 1199 2260 commodum

115 2315 152 2354 ex
177 2315 228 2354 sua
254 2297 403 2370 iniquitate
430 2308 585 2374 reportare,
600 2296 723 2371 ideoque
744 2317 802 2357 non
826 2299 859 2356 fit
882 2297 955 2357 liber
976 2319 993 2357 a
1018 2302 1203 2379 sponsalium,

114 2394 303 2473 obligatione:
325 2394 377 2452 sed
397 2396 542 2454 innocenti
563 2397 657 2455 statim
676 2397 744 2456 licet
762 2398 882 2465 resilire,
896 2397 1011 2470 quando
1031 2399 1067 2457 de
1089 2399 1202 2477 impedi·

114 2504 210 2552 mento
223 2494 307 2572 culpa
316 2495 433 2553 alterius
447 2495 564 2554 inducto
576 2506 695 2564 constat,
711 2497 795 2555 etiam
809 2496 885 2555 sama
897 2500 1058 2567 communi,
1073 2518 1138 2573 qure
1150 2497 1201 2556 fide

116 2594 260 2672 sitdigna.

152 2699 203 2752 21.
226 2692 386 2752 Discessus
408 2694 511 2772 sponsi
525 2695 682 2754 interram
696 2693 908 2771 longinquum,
924 2695 1012 2753 altera
1032 2697 1199 2763 inconsulta,

114 2804 157 2851 est
165 2795 242 2871 justa
251 2813 336 2851 causa
350 2793 479 2852 solvendi
493 2795 639 2871 sponsalia
648 2787 673 2851 :⁴
685 2813 750 2851 nam
764 2792 865 2851 cedere
880 2804 1014 2852 censetur
1023 2797 1085 2874 juri
1097 2797 1203 2868 suoqui

114 2894 153 2950 ita
166 2892 296 2951 discedit.
331 2895 364 2951 Si
378 2894 406 2950 in
421 2903 522 2952 terram
536 2895 724 2971 propinquam
738 2892 880 2968 profectus
892 2893 938 2961 sit,
948 2895 1045 2953 animo
1058 2894 1202 2963 redeundi,

112 3010 169 3050 non
189 2993 352 3051 solvuntur:
374 2993 424 3050 sed
445 2993 604 3053 monendus
621 3004 674 3060 est,
690 3001 718 3049 et
738 3003 845 3049 certum
859 2992 1066 3070 praefigendum
1081 3005 1201 3071 tempus,

113 3092 186 3149 intra
200 3091 277 3165 quod
296 3091 408 3160 redes13
429 3094 609 3168 sponsalibus
630 3093 757 3164 alioquin
778 3089 924 3150 solvendis
944 3094 974 3150 in
992 3094 1111 3153 alterius
1133 3094 1202 3153 utili·

113 3200 210 3248 tatem.

151 3293 201 3345 22.
224 3286 316 3346 Mora
329 3286 476 3347 diuturna
492 3290 629 3368 implendi
649 3289 793 3368 sponsalia
813 3302 857 3346 est
874 3291 954 3367 justa
974 3309 1061 3350 causa
1081 3293 1160 3352 alteri
1173 3309 1204 3348 ea

112 3384 252 3452 solvendi,
267 3405 333 3442 nam
347 3405 460 3459 equum
478 3407 534 3445 uon
557 3400 609 3457 est,
623 3401 656 3448 ut
674 3390 744 3447 alter
763 3388 897 3446 habeatur
915 3390 1031 3466 ligatus,
1046 3391 1114 3450 dum
1137 3391 1203 3450 alter

111 3503 161 3542 sua
174 3484 258 3559 culpa
278 3482 380 3541 differt.
423 3484 501 3544 Hinc
522 3489 571 3559 qui
589 3488 648 3546 levi
673 3507 709 3546 ex
729 3507 815 3546 causa
835 3488 939 3555 differt,
954 3507 1007 3546 suo
1029 3491 1106 3549 cadit
1120 3493 1201 3568 jure,

111 3584 241 3656 quamvis
256 3583 317 3660 ipse
340 3603 397 3641 non
421 3587 522 3660 possit,
536 3587 624 3645 altero
645 3588 744 3653 invito,
761 3589 880 3646 resilire.
923 3588 974 3645 Sic
995 3607 1111 3664 sponsae
1137 3591 1205 3657 licet

110 3685 223 3762 nuptias
234 3703 298 3743 eum
313 3684 368 3742 alio
382 3683 462 3752 inire,
477 3686 501 3743 si
514 3704 640 3762 sponsus
653 3688 740 3745 nimis
754 3687 865 3745 differat
880 3683 1125 3747 matrimoniumt⁵
1138 3708 1202 3747 nam

110 3793 129 3820 ‘⁶
141 3786 171 3843 in
184 3785 314 3843 omnibus
328 3785 547 3861 obligationibus
561 3787 590 3845 iu
605 3787 707 3860 quibus
721 3787 784 3844 dies
798 3806 856 3845 non
870 3787 994 3863 ponitur,
1009 3790 1148 3863 presenti
1160 3787 1206 3847 die

109 3875 274 3943 debetur.’'⁶
306 3883 375 3943 Non
389 3885 427 3942 ita
448 3885 474 3943 si
492 3884 699 3954 <instinctum
720 3885 860 3953 diuturna,
875 3885 1021 3962 contingat
1044 3889 1207 3946 necessaria

142 4113 185 4176 (l)
204 4109 264 4171 Leg.
277 4109 358 4159 xcviii.
372 4109 403 4162 de
413 4109 587 4164 solutionibus.
692 4116 735 4181 (2)
755 4112 785 4162 L.
796 4113 828 4162 vi.
839 4129 864 4162 n.
876 4114 934 4162 875.

143 4196 186 4260 (3)
207 4195 237 4245 C.
249 4195 275 4243 ii.
287 4194 317 4242 ‹ls
329 4211 358 4242 eo
369 4197 411 4258 qui
422 4198 543 4258 cognovit.
690 4202 733 4265 (4)
753 4199 815 4261 Cup.
827 4195 1066 4265 responsalibus.

140 4281 182 4342 (5)
201 4278 231 4328 L.
243 4295 264 4325 v.
277 4295 298 4326 c.
309 4278 337 4326 de
348 4281 513 4344 sponsalibus.
694 4286 736 4350 (6)
755 4282 785 4332 L.
797 4283 827 4334 ln
838 4282 950 4333 omnibus
961 4281 987 4331 ff.
998 4283 1028 4335 dr
1037 4283 1101 4354 Reg.
1112 4284 1171 4334 Jur.
