2640 4860
381 367 438 428 DE
459 366 606 428 FORMA
625 367 838 430 BAPTISMI.
1114 377 1153 430 ³5

52 539 145 596 beata
171 536 265 614 Virgo
289 544 317 594 te
342 534 488 614 adjuvet?
515 537 569 594 erit
585 553 687 594 verum
705 537 857 613 baptisma.
908 536 994 596 Forte
1015 547 1108 596 autem
1128 541 1154 597 si

52 637 182 704 diceret,
212 635 299 713 ‘Ego
318 643 346 694 te
367 635 496 713 baptizo,
520 636 550 694 in
572 635 689 695 nomine
711 636 815 705 Patris,
831 646 860 695 et
879 635 957 703 Filii,
977 646 1006 696 et
1027 637 1154 714 Spiritus

57 736 176 804 Sancti,
190 744 220 793 et
231 735 320 793 beatu
340 734 469 812 Virginis
481 734 604 804 Maris?
619 752 678 794 non
692 743 769 794 esset
779 734 953 813 baptismus:
972 736 1040 809 quia
1052 736 1155 796 dicitur

56 836 84 895 Ι.
100 834 141 894 ad
154 833 324 894 Corinthios
339 835 359 893 i.
382 833 553 909 ‘Numquid
564 834 674 893 Paulus
688 853 740 912 pro
754 834 836 893 robis
848 834 1003 894 crucifixus
1016 836 1081 894 esti
1106 845 1154 894 aut

58 937 90 995 in
103 935 227 994 nomine
247 932 331 993 Pauli
343 933 478 1009 baptizati
491 933 559 991 estis
571 931 593 990 t’
636 933 695 991 Sed
707 933 763 992 hoc
776 952 875 992 verum
889 943 942 1003 est,
957 936 983 993 si
996 937 1038 994 sic
1051 935 1155 994 intelli·

62 1043 157 1113 gatur‚
165 1035 197 1094 in
206 1033 325 1092 nomine
334 1033 422 1091 beate
435 1032 565 1111 Virginis
577 1033 726 1110 baptizari,
736 1034 810 1091 sicut
822 1034 979 1092 innomine
993 1035 1153 1103 Trinitatis,
1166 1017 1170 1025 ¹

65 1152 122 1208 quo
135 1133 297 1210 baptismus
311 1142 510 1192 consecratur:
531 1133 594 1191 talis
607 1133 684 1192 enim
698 1150 801 1191 sensus
814 1142 890 1191 esset
909 1135 1065 1192 contrarius
1080 1151 1153 1192 verte

66 1232 144 1301 fidei,
158 1242 188 1291 et
200 1251 254 1311 per
272 1250 454 1305 consequens
474 1230 585 1290 tolleret
596 1233 742 1290 veritatem
762 1232 943 1291 sacramenti.
985 1233 1017 1290 Si
1031 1250 1098 1291 vero
1112 1235 1154 1291 sic

68 1332 240 1410 intelligatur
248 1330 338 1405 0quod
354 1330 464 1391 additur
483 1329 525 1412 (et
538 1330 568 1389 in
584 1332 700 1390 nomine
722 1333 809 1391 beatae
829 1328 971 1410 Virginis)
992 1350 1051 1411 non
1072 1335 1155 1405 quasi

71 1449 174 1491 nomen
196 1432 285 1490 beate
307 1430 435 1509 Virginis
458 1428 565 1504 aliquid
589 1442 720 1509 operetur
741 1433 772 1490 in
792 1432 943 1510 baptismo,
967 1430 1018 1490 sed
1039 1443 1071 1490 ut
1092 1434 1154 1510 ejus

73 1532 237 1591 intercessio
249 1531 341 1608 prosit
352 1530 505 1608 baptizato,
520 1528 554 1588 sd
568 1530 791 1591 conservandam
805 1533 922 1610 gratiam
935 1531 1153 1610 baptismalem:

76 1648 126 1690 non
137 1632 246 1692 tollitur
258 1631 395 1709 perfectio
407 1623 625 1689 sacramenti.’'¹

393 1836 430 1897 (l)
449 1833 482 1884 iii.
493 1848 518 1897 p.
529 1849 570 1897 qu.
581 1832 731 1883 incrtviii·
770 1833 842 1898 Resp.
