2640 4860
156 378 196 433 92
341 366 399 427 Du
420 361 718 424 SUSCEPTIONE
739 360 1057 424 EUCHARISTIAE.

158 532 323 613 egritudine
335 532 478 590 detinetur
489 530 575 597 lecto,
589 530 659 601 quin
672 547 749 588 mors
762 530 918 597 immineat,
932 531 1034 603 nequit
1042 537 1110 606 post
1122 531 1319 588 soluturis

154 634 297 712 jejunium
307 630 527 695 communicare,
541 628 653 686 etiamsi
668 629 716 686 vix
736 629 828 704 possit
840 629 946 701 absque
959 629 1040 705 gravi
1052 627 1238 687 incommodo
1265 639 1319 675 ⁴

158 731 204 790 vel
224 730 363 807 periculo,
382 730 531 806 jejunare;
558 726 608 785 sed
630 726 788 785 differenda
807 727 861 784 erit
879 728 1057 795 commuuio,
1084 727 1179 785 donec
1204 745 1256 784 au·

158 830 264 888 viribus
278 839 376 886 auctus
384 828 517 904 jejunare
530 826 632 902 possit,
647 835 695 883 aut
707 824 844 884 deficiens
857 825 921 902 lege
935 825 1069 885 solvatur.
1113 826 1173 892 Qui
1186 838 1319 883 ιιιιεΞ

158 928 238 1005 degit
249 928 349 1003 procul
363 926 398 983 ab
420 926 551 993 ecclesia,
574 935 603 982 et
622 925 771 997 aliquoties
792 941 843 999 per
862 943 967 981 annum
988 923 1150 982 sacerdotis
1164 926 1306 1001 copin-

160 1027 270 1093 fruitur,
292 1024 327 1081 ad
349 1025 446 1083 locum
467 1024 619 1082 Missionis
633 1041 768 1098 pergens,
789 1040 848 1079 non
862 1031 957 1097 potest
965 1022 1111 1098 jejunium
1126 1022 1275 1087 solvere.

159 1125 225 1183 lieet
238 1135 361 1196 nequeat
368 1124 487 1199 jejunus
500 1123 553 1179 iter
566 1138 709 1197 peragere,
723 1119 871 1178 etidcirco
885 1121 944 1178 lere
956 1138 1072 1197 semper
1085 1121 1120 1178 ab
1135 1120 1269 1178 Eucha-

160 1224 238 1281 ristia
257 1218 453 1281 abstineaturt'
466 1238 531 1277 nam
556 1217 732 1276 consuetudo
756 1218 896 1275 Ecclesiae
919 1217 1092 1285 adversatur,
1113 1229 1143 1275 et
1155 1220 1248 1277 semel

160 1321 285 1380 admissa
296 1338 382 1377 causa
394 1316 567 1394 hujusmodi,
581 1316 628 1374 lex
637 1317 743 1393 jejunii
756 1318 973 1375 subverteretur.

201 1424 250 1479 57.
272 1420 364 1477 Instar
389 1417 483 1474 viatici
504 1415 680 1473 moribundis
701 1414 790 1481 datur,
812 1413 925 1486 quando
951 1415 1116 1472 verosimile
1136 1426 1182 1473 est
1201 1433 1248 1473 eos

162 1518 284 1594 amplius
309 1533 372 1572 eam
404 1515 549 1589 suscipere
576 1531 634 1571 non
659 1531 765 1589 posse:
798 1513 850 1570 sed
882 1515 908 1570 si
933 1513 1156 1588 supervixerint,
1184 1517 1250 1586 quin

159 1615 312 1675 discrimen
332 1611 461 1680 evadant,
475 1622 596 1688 possunt
615 1613 716 1669 itemm
736 1611 826 1679 refici,
847 1612 948 1669 saltem
965 1621 1032 1686 post
1051 1612 1163 1685 aliquot
1176 1612 1244 1670 dies.

162 1714 307 1780 Quantum
330 1720 424 1768 autern
447 1711 602 1769 intercedat
621 1728 739 1768 neeesse
760 1711 799 1768 sit
817 1709 1006 1777 intervallum,
1020 1710 1100 1768 nulla
1126 1712 1248 1787 generali

162 1812 227 1888 lege
240 1810 383 1869 Ecclesiae
397 1810 616 1869 determinatur:
638 1820 810 1885 quapropter
831 1810 945 1867 arbitrio
958 1826 1011 1866 suo
1023 1809 1065 1865 uti
1084 1811 1192 1885 poterit
1209 1829 1249 1868 sa·

163 1909 274 1977 cerdos,
288 1910 337 1967 ubi
350 1926 408 1967 non
422 1910 513 1967 obstat
522 1909 656 1986 specialis
670 1908 719 1965 lex
732 1909 799 1976 loci,
814 1917 843 1965 et
855 1927 906 1984 pro
919 1906 1063 1965 desiderio
1077 1910 1246 1986 suscepturi,

163 2009 252 2066 libere
277 2026 340 2066 eam
361 2008 508 2083 impertiri,
529 2008 558 2064 in
578 2007 797 2078 frequentiorem
823 2005 984 2065 moribundi
1006 2009 1248 2074 communionem,

160 2109 244 2184 juxta
257 2104 397 2163 Ecclesia
417 2115 552 2170 mentem,
573 2105 716 2179 proclivis.
759 2106 834 2163 Sunt
853 2107 902 2178 qui
922 2105 1043 2182 singulis
1067 2105 1169 2164 diebus
1190 2125 1250 2164 eam

167 2203 227 2261 dari
236 2220 322 2278 posse
332 2197 476 2259 censent.¹
503 2202 597 2259 Verba
608 2201 745 2259 Ritualis:
761 2205 898 2280 “Accipe
909 2204 1078 2272 viaticum,”
1090 2218 1146 2263 etc.
1162 2206 1252 2264 omitti

165 2318 262 2377 posse,
271 2310 300 2357 et
309 2308 444 2357 consueta
451 2301 537 2357 verba
547 2301 694 2358 substitui:
711 2299 849 2378 “Corpus
857 2302 987 2370 Domini,
998 2303 1076 2361 ete.”
1088 2305 1115 2361 si
1124 2305 1251 2363 infirmus

163 2416 296 2474 magnam
310 2397 450 2455 tristitiam
464 2416 501 2456 ex
511 2410 601 2458 morte
619 2399 786 2458 imminente
799 2411 987 2478 concepturus
1000 2411 1087 2469 esset,
1101 2412 1170 2478 post
1184 2402 1251 2462 alios

166 2508 264 2556 censet
278 2497 310 2555 S.
325 2490 519 2573 ιιιριιοιιειιε.2

205 2602 254 2655 58.
276 2596 373 2655 Semel
393 2605 487 2657 autem
506 2597 537 2656 in
557 2597 656 2655 eadem
679 2597 724 2655 die
744 2599 909 2656 communio
928 2599 1036 2675 suscipi
1057 2596 1179 2676 potest,³
1198 2601 1251 2658 nisi

165 2699 264 2756 mortis
294 2696 451 2773 periculum
480 2698 662 2773 superveniat
686 2697 712 2753 ei
738 2698 788 2769 qui
812 2715 897 2755 mane
925 2697 987 2773 jam
1017 2701 1250 2759 communicavit.

164 2795 285 2855 Plurimi
299 2806 403 2873 negant
416 2798 549 2855 viaticum
569 2794 753 2872 praebendum
773 2795 872 2854 eadem
886 2813 943 2868 qua
956 2798 1046 2854 semel
1059 2809 1195 2876 suscepta
1208 2809 1250 2856 est

163 2893 344 2952 Eucharistia
369 2889 450 2964 die3⁴
473 2894 524 2952 sed
550 2914 663 2969 aequum
688 2893 799 2952 videtur
822 2895 930 2952 nemini
951 2895 980 2952 iu
1003 2896 1065 2953 vitae
1089 2896 1252 2955 discrimine

106 2996 113 3007 '
163 3003 269 3051 tantum
283 2993 422 3070 denegare
435 2993 603 3053 subsidium.
640 2994 729 3052 Juxta
746 2994 778 3051 S.
800 2993 982 3071 Alphonsum
1000 3004 1111 3054 tenetur
1128 2997 1188 3062 ille,
1203 2997 1251 3068 qui

166 3092 246 3150 nullo
272 3092 301 3149 ln
326 3092 453 3166 periculo
479 3094 579 3151 mortis
604 3111 722 3151 versans
748 3110 832 3150 mane
861 3093 1091 3161 communicavit,
1118 3095 1253 3152 viaticum

165 3189 302 3263 recipere,
324 3189 350 3244 si
369 3191 467 3246 mortis
488 3191 645 3264 periculum
666 3190 802 3267 deinceps
823 3191 967 3267 contingat
986 3194 1136 3267 repentino
1160 3194 1254 3266 aliquo

166 3303 244 3351 casu,
253 3285 334 3359 lapsu
345 3286 498 3344 seilicetex
508 3286 574 3354 alto,
584 3288 745 3363 apoplexia,
758 3289 885 3356 vulnere,
896 3289 941 3347 vel
955 3290 1010 3348 alia
1022 3309 1053 3349 re
1066 3290 1252 3368 hujusmodi:

165 3400 223 3440 non
237 3382 312 3438 enim
328 3382 417 3438 instar
423 3384 517 3440 viatici
528 3383 739 3442 Eucharistiam
752 3405 836 3445 mane
846 3390 982 3464 suscepit,
993 3397 1022 3446 et
1034 3388 1133 3448 divino
1144 3390 1254 3449 videtur

167 3478 314 3538 adstrictus
335 3489 478 3556 praecepto
492 3480 528 3538 ad
547 3482 603 3540 hoc
624 3485 772 3543 munimen
785 3486 840 3544 sibi
859 3488 912 3545 iter
932 3486 1041 3546 facturo
1062 3488 1098 3546 ad
1119 3491 1250 3564 patriam,

167 3573 404 3651 exquirendum.³
444 3579 590 3652 Equidem
613 3583 715 3656 poterit
737 3602 858 3658 parocus
881 3603 934 3661 pro
960 3587 1074 3645 arbitrio
1094 3587 1168 3646 illud
1188 3605 1256 3663 prae·

167 3680 244 3748 bere,
258 3678 305 3735 vel
323 3676 474 3756 denegare,
497 3680 567 3751 quin
588 3680 743 3757 episcopus
766 3683 796 3740 in
819 3701 884 3741 eum
908 3683 1016 3742 idcirco
1030 3686 1252 3744 animadvertat:

166 3798 219 3839 nec
239 3780 317 3839 enim
336 3777 371 3836 de
391 3797 421 3836 re
441 3778 513 3838 adeo
533 3786 715 3838 controversa
733 3780 809 3858 apud
829 3782 977 3859 theologos
998 3784 1153 3861 episcopus
1175 3785 1258 3842 debet

166 3878 273 3953 aliquid
298 3872 477 3937 decernere.⁶
529 3878 672 3936 Viatieum
698 3899 757 3938 non
783 3889 828 3939 est
852 3881 1049 3957 prebendam,
1070 3883 1184 3956 quoties
1214 3891 1257 3940 est

199 4033 242 4097 (l)
262 4031 289 4080 8.
300 4033 375 4098 Αιριι
384 4034 399 4083 l.
410 4035 442 4083 vi.
454 4050 479 4084 n.
491 4037 549 4084 285.
821 4037 864 4102 (2)
883 4035 983 4086 Ibidem.

200 4114 243 4178 (³)
263 4114 325 4178 Cap.
336 4117 370 4166 ιιι.
381 4117 410 4167 cle
421 4117 504 4170 celebr.
516 4127 539 4170 et
550 4137 603 4185 cap.
614 4119 716 4180 Sufficit,
727 4119 757 4170 de
765 4135 868 4172 consecr.
879 4120 933 4170 dist
945 4121 962 4170 i.

230 4197 242 4260 )
261 4195 358 4258 Delugo
369 4201 434 4262 apud
445 4203 554 4254 Antoine
565 4210 626 4254 tract
636 4205 666 4254 de
678 4204 758 4253 Euch.
769 4220 791 4253 e.
801 4203 827 4253 ii.
839 4219 880 4266 qu.
891 4204 908 4255 i.
943 4204 1016 4256 Nutu.

201 4278 243 4343 (5)
262 4277 292 4326 L.
304 4279 335 4328 ri.
346 4295 371 4330 n.
383 4285 441 4331 285.
613 4291 656 4355 (6)
676 4288 768 4339 Bened-
779 4287 850 4338 XIV.
861 4288 892 4337 de
903 4289 1004 4353 synodo,
1016 4290 1032 4340 l.
1044 4289 1085 4340 vii.
1096 4306 1118 4341 c.
1129 4291 1163 4343 xi.
1176 4307 1202 4341 n.
1214 4296 1237 4342 2.
