2640 4860
309 379 365 440 DE
386 379 705 440 IMPEDIMENTIS
726 378 1001 441 MATRIMONII.
1142 385 1201 440 333

111 549 181 607 serit
199 549 272 616 viro,
286 566 373 620 quem
394 547 508 624 putabat
527 565 592 605 esse
611 547 742 613 liberum,
763 548 895 619 quamvis
914 567 1014 606 revera
1033 567 1091 607 nou
1111 557 1199 616 esset,

111 754 240 804 mentum
256 755 390 803 statutum
405 755 456 813 est,
470 755 501 802 ut
513 746 603 803 libero
624 744 803 803 consulatur:
827 755 999 822 quapropter
1018 747 1092 804 valet
1109 747 1203 804 matri·

109 846 241 904 monium
255 847 280 903 si
294 846 365 903 liber
378 845 489 902 noverit
508 845 626 902 alterum
650 861 764 902 servum
782 862 856 902 esse.
900 845 1053 902 Servorum
1075 845 1150 903 inter
1169 863 1201 902 se

111 945 292 1002 matrimonia
307 944 410 1011 valent,
422 944 506 1003 etiam
520 944 615 1000 invitis
630 942 764 1008 dominis,
778 960 843 1000 nam
856 942 891 1000 ad
900 945 950 1022 jus
963 953 1069 1001 natura
1080 946 1203 1020 pertinet

111 1053 143 1101 ut
163 1042 199 1100 de
220 1061 251 1099 se
271 1043 324 1100 hac
345 1043 375 1101 in
396 1061 425 1100 re
448 1041 610 1119 disponant.
654 1040 792 1107 “Sana''
814 1044 907 1115 inquit
927 1043 1090 1101 Hadrianus
1111 1042 1202 1119 Papa,

111 1159 188 1200 anno
210 1146 279 1210 790,
302 1143 412 1218 “juxta
432 1143 547 1216 verbum
568 1140 711 1217 Apostoli,
731 1141 805 1198 sicut
822 1143 851 1200 in
874 1141 991 1200 Christo
1010 1143 1092 1209 Jesu,
1107 1160 1201 1214 neque

110 1239 192 1307 liber,
207 1259 298 1312 neque
312 1260 410 1298 servus
425 1220 497 1298 esta
509 1241 693 1298 sacramentis
708 1240 849 1298 Ecclesia
863 1241 1070 1308 removendus;
1092 1242 1130 1299 ita
1145 1258 1198 1299 nec

110 1340 184 1397 inter
197 1358 295 1397 servos
315 1341 497 1400 matrimonia
510 1339 614 1397 debent
632 1339 772 1399 ullatenus
794 1341 955 1416 prohiberi;
977 1351 1005 1400 et
1024 1342 1049 1398 si
1062 1340 1203 1400 contradi·

110 1439 239 1496 centibus
266 1438 389 1498 dominis
416 1449 444 1496 et
470 1440 567 1497 invitis
593 1448 735 1496 contracta
761 1438 874 1507 suerint,
897 1440 974 1498 nulla
1000 1442 1108 1498 ratione
1134 1448 1202 1498 sunt

111 1547 229 1615 propter
247 1537 303 1596 hoc
324 1537 515 1596 dissolvenda.
557 1537 661 1599 Debita
683 1547 778 1595 tamen
799 1549 828 1595 et
847 1550 983 1598 consueta
1009 1541 1124 1597 servitia
1143 1557 1201 1597 non

111 1638 207 1694 miuus
227 1636 330 1695 debent
352 1638 474 1715 propriis
495 1637 619 1696 dominis
633 1633 812 1694 exhiberi.'’¹
852 1639 997 1711 Equidem
1010 1639 1089 1716 leges
1103 1640 1202 1696 civiles

112 1737 244 1794 Statuum
258 1737 286 1794 in
301 1738 404 1809 quibus
418 1738 538 1795 servitus
552 1737 639 1813 viget,
648 1746 744 1794 vetant
757 1755 793 1793 ne
808 1739 882 1795 servi
898 1739 1077 1796 matrimonia
1093 1739 1201 1810 absque

111 1835 294 1894 dominorum
317 1839 400 1894 venia
422 1837 527 1902 ineant,
548 1836 680 1912 gravibus
700 1837 870 1912 plerumque
892 1838 1034 1895 intentatis
1048 1838 1140 1912 poenis
1155 1837 1201 1904 iis,

111 1935 161 2008 qui
179 1954 228 1992 eos
251 1935 322 1994 aliiue
344 1938 521 2013 conjungere
543 1933 692 1993 auderent:
715 1946 889 2012 quapropter
908 1936 1063 1995 curandum
1085 1946 1115 1994 ut
1133 1955 1202 1994 con·

110 2052 214 2092 sensus
239 2035 286 2092 illc
313 2035 458 2093 habeatur.
500 2033 587 2101 Quod
612 2035 638 2092 si
662 2034 767 2111 injuste
795 2035 958 2111 denegetur,
980 2045 1008 2092 et
1028 2055 1073 2094 res
1093 2044 1201 2111 urgeat,

110 2134 215 2210 poterit
237 2133 387 2211 indulgeri,
409 2144 440 2192 ut
462 2134 538 2192 servi
558 2135 631 2192 iuter
655 2152 686 2190 se
707 2135 885 2203 contrahant,
907 2154 943 2192 ne
970 2134 1038 2192 alias
1065 2134 1202 2211 peccandi

111 2233 241 2309 periculo
265 2235 443 2310 objiciantur,
464 2234 509 2291 vel
529 2233 662 2291 sacerdos
683 2251 782 2292 eorum
803 2232 916 2291 adstans
937 2235 1043 2310 nuptiis
1064 2235 1156 2311 poenis
1175 2243 1204 2290 et

111 2332 252 2391 molestiis
266 2332 452 2409 *gravissimis
476 2333 525 2390 fiat
544 2332 696 2390 obnoxius.
737 2333 772 2391 In
792 2333 871 2391 Statu
899 2334 1147 2411 Mississippiensi
1167 2331 1203 2390 de

110 2450 270 2498 servorum,
285 2433 331 2490 vel
353 2433 505 2490 liberorum
529 2432 603 2509 nigri
622 2431 737 2497 coloris,
758 2433 900 2508 conjugiis
924 2434 964 2490 nil
977 2434 1040 2509 lege
1054 2433 1202 2491 delinitum

110 2539 166 2597 est,
181 2549 244 2603 quae
258 2530 364 2589 idcirco
377 2531 513 2589 celebrari
526 2549 612 2607 posse
626 2528 756 2587 ridentur
769 2529 876 2602 absque
890 2533 972 2588 venia
992 2532 1130 2607 speciali:
1151 2529 1203 2588 sed

111 2630 221 2688 domini
236 2631 340 2703 ubique
355 2649 417 2691 eam
433 2639 570 2706 usurpant
592 2630 621 2687 in
641 2646 739 2686 servos
760 2637 940 2704 potestatem,
955 2647 1011 2700 qua
1024 2629 1204 2686 matrimonia

111 2748 210 2787 eorum
225 2748 262 2786 ex
275 2730 388 2787 arbitrio
402 2731 575 2808 permittant,
597 2729 643 2786 vel
666 2726 852 2804 prohibeant:
875 2738 1046 2803 quapropter
1068 2727 1202 2785 sacerdos

111 2831 160 2887 vix
174 2837 273 2905 posset
286 2830 392 2901 absque
407 2830 575 2907 gravissimo
589 2829 634 2885 sui
648 2827 812 2885 discrimine
832 2845 875 2893 ea,
895 2827 1002 2898 absque
1021 2825 1202 2886 dominorum

110 2929 205 2995 venia,
221 2928 372 2986 celebrare.

153 3031 221 3085 141.
249 3027 295 3085 De
321 3046 469 3086 servorum
495 3028 682 3085 matrimoniis
702 3026 872 3102 plerumque
897 3024 1013 3082 difficile
1038 3023 1200 3101 judicatur:

111 3145 188 3204 sape
203 3129 280 3185 enim
295 3127 532 3186 consuetudinem
546 3127 618 3184 iuter
633 3144 665 3182 se
678 3126 784 3193 fovent,
800 3125 879 3183 nullo
894 3124 1020 3202 conjugii
1034 3124 1140 3192 animo,
1155 3124 1202 3181 vel

112 3245 143 3284 se
164 3229 304 3304 conjuges
326 3226 506 3304 appellando,
529 3224 715 3298 quoadusque
735 3234 853 3296 uterque
874 3225 926 3281 rite
952 3243 983 3280 se
1004 3224 1135 3300 gesserit,
1156 3214 1204 3281 vol

113 3327 205 3384 donec
220 3326 328 3384 domini
343 3344 391 3384 eos
405 3325 613 3401 separaverint:
636 3324 705 3381 alias
720 3323 851 3381 videntur
862 3332 1029 3399 perpetuum
1045 3323 1116 3381 velle
1131 3324 1203 3382 inire

113 3427 298 3493 consortium,
313 3425 362 3482 sed
377 3434 470 3483 utrum
485 3423 598 3481 vinculo
611 3424 699 3499 priori
712 3424 793 3481 liberi
807 3425 863 3481 sint
875 3424 924 3481 vix
944 3423 1011 3481 sciri
1025 3433 1128 3500 potest.
1171 3424 1204 3481 Si

113 3533 225 3583 constet
237 3542 287 3582 eos
302 3523 454 3597 aliquando
468 3521 541 3581 serid
556 3523 656 3580 iniisse
670 3524 846 3600 conjugium,
862 3524 957 3581 auimo
971 3542 1034 3580 sese
1050 3524 1077 3580 in
1093 3532 1204 3599 perpet·

113 3642 181 3682 uum
195 3623 351 3700 obligandi,
365 3622 488 3681 validum
500 3622 662 3680 habendum
676 3624 747 3679 erit:
763 3642 816 3680 nec
829 3621 863 3678 ad
878 3623 947 3679 alias
961 3622 1073 3696 nuptias
1088 3622 1204 3679 transire

112 3723 220 3790 licebit,
236 3721 328 3780 donec
342 3721 376 3779 de
391 3723 522 3799 conjugis
543 3722 646 3797 prioris
666 3731 757 3777 morte
778 3720 944 3776 constiterit.
987 3717 1131 3775 caeterum
1146 3719 1205 3794 ple·

112 3821 192 3894 rique
220 3840 318 3879 eorum
346 3830 505 3879 contractus
531 3838 590 3878 non
616 3817 721 3876 habent
745 3817 872 3894 conjugii
894 3819 962 3885 vim,
984 3834 1072 3888 quum
1094 3817 1205 3874 animus

114 3919 222 3978 vinculi
235 3922 365 3996 perpetui
380 3919 565 3978 contrahendi
578 3918 635 3976 illis
649 3918 732 3984 desit,
748 3925 776 3974 et
796 3915 920 3973 conditio
943 3917 1095 3972 consensui
1118 3932 1206 3990 appo·

114 4028 214 4077 natur:
237 4028 409 4096 quapropter
422 4020 471 4092 qui
484 4018 519 4076 ad
533 4017 619 4076 fidem
640 4016 819 4074 Catholicam
840 4015 965 4079 veniunt,
980 4013 1026 4070 vel
1045 4014 1080 4072 ad
1101 4014 1205 4072 bonam
1237 4016 1245 4026 ’

114 4118 226 4196 frugem
240 4118 416 4196 rediguntur,
431 4136 490 4176 non
510 4125 576 4175 suut
594 4117 677 4175 facile
697 4113 818 4191 cogendi
838 4123 868 4171 ut
889 4111 1019 4170 deserant
1039 4131 1124 4189 quam
1138 4130 1205 4173 cou-

433 4326 475 4392 (1)
493 4323 555 4393 Gap.
566 4326 583 4376 i.
595 4325 634 4380 De
645 4321 763 4392 conjugio
773 4336 906 4376 seruorum.
