2640 4860
339 370 396 432 DE
417 369 612 433 MATERIA
631 370 689 432 ET
709 371 865 434 FORMA.
1092 383 1149 441 129

52 537 165 598 doloris
186 520 304 612 aliquod
316 537 456 600 indicium
469 537 546 608 dare,
560 539 714 600 absolvitur
726 539 889 615 aliquando,
903 542 1034 630 quamvis
1047 548 1148 611 omnis.

55 646 138 696 actus
158 638 304 697 sensibilis
324 640 485 716 poenitentis
506 637 599 707 desit:
620 639 671 697 sed
695 642 904 716 “presumitur
922 641 995 702 velle
1008 652 1037 701 et
1048 653 1146 722 patere

56 735 268 797 absolutionem
287 739 378 816 signis
398 756 464 797 vere
487 738 680 808 sensibilibus,
701 757 806 816 nempe
825 759 877 817 per
899 741 1031 818 suspiria,
1052 754 1147 804 motus

56 837 200 914 corporis,
215 836 316 897 saltem
329 856 381 915 per
400 838 514 897 anxiam
534 839 760 915 respirationem,
776 841 906 912 quamvis
920 848 987 899 tunc
999 842 1053 900 ista
1065 844 1148 922 signa
1248 862 1252 869 ·

59 935 252 995 confessarius
271 955 331 996 non
355 937 512 1014 percipiat:
547 936 693 1019 sufficiunt
717 939 795 996 enim
821 939 887 996 talia
911 939 993 1016 signa
1017 942 1048 1000 in
1074 952 1149 1002 tanta
1240 946 1247 956 '

56 1034 240 1104 necessitate,
254 1037 354 1095 saltem
368 1054 405 1095 ex
424 1036 557 1115 prudenti
571 1036 657 1095 dubio
677 1047 860 1115 presumpta,
875 1037 911 1098 ad
924 1037 1045 1101 dandam
1066 1043 1146 1102 abso·

57 1134 199 1194 lutioncm
211 1136 265 1194 sub
277 1128 489 1195 conditione.''¹

96 1239 127 1293 4.
149 1235 258 1294 Forma
282 1236 451 1295 sacramenti
477 1235 652 1313 poenitentiae
672 1245 739 1296 sunt
758 1237 843 1296 verba
865 1235 1018 1297 sacerdotis
1044 1241 1147 1313 quibus

59 1334 182 1393 absolvit
191 1336 376 1413 poenitentem
388 1355 405 1394 a
417 1337 561 1413 peccatis:
582 1336 707 1395 scilicet:
731 1337 824 1414 “Ego
836 1345 862 1394 tc
872 1337 1148 1416 absolvoapeccatis
1255 1344 1268 1370 ·

58 1434 123 1503 tuis,
137 1435 299 1494 innomine
312 1436 416 1504 Patris,
430 1445 459 1494 et
472 1435 550 1504 Filii,
565 1444 593 1493 et
612 1435 735 1513 Spiritus
757 1435 886 1494 Sancti.”
928 1437 1080 1507 Praeclare,
1094 1457 1148 1516 pro

58 1551 149 1603 more,
171 1534 204 1592 S.
226 1534 362 1594 Thomas·
376 1536 431 1593 ait:
454 1535 539 1593 “hoc
564 1544 772 1595 sacramentum
795 1535 940 1612 perficitur
958 1555 1011 1614 per
1029 1556 1063 1596 ea
1083 1557 1146 1612 quae

60 1641 125 1692 sunt
139 1651 176 1692 ex
196 1644 276 1710 parte
295 1633 471 1694 sacerdotis:
493 1632 568 1693 unde
588 1643 710 1712 oportet,
725 1634 802 1708 quod
815 1652 849 1692 ea
862 1653 925 1708 qua:
939 1646 1005 1696 sunt
1018 1646 1146 1715 exparte

59 1733 234 1808 poenitentis,
261 1734 321 1793 sive
348 1735 406 1793 sint
424 1735 519 1802 verba,
541 1734 603 1792 sive
622 1734 680 1791 sint
699 1734 780 1802 sacta,
802 1733 859 1791 sint
878 1735 1008 1808 quaedam
1031 1739 1149 1796 materia

58 1829 144 1909 huJ'us
165 1834 349 1892 sacramenti:
371 1851 406 1891 ea
418 1831 484 1892 verd
499 1851 562 1907 qua:
576 1841 643 1891 sunt
654 1850 691 1890 ex
704 1841 782 1908 parte
802 1832 965 1903 sacerdotis,
980 1854 1011 1893 se
1024 1836 1148 1896 habeant

59 1948 110 2007 por
129 1930 249 1991 modum
273 1933 380 1992 forme.
423 1931 500 1991 Cum
522 1941 616 1991 autem
639 1939 814 1990 sacramenta
832 1933 1002 2010 novaelegis
1025 1934 1149 1995 efficiant

60 2030 137 2103 quod
149 2031 284 2109 figurant,
299 2040 410 2109 oportet
428 2031 505 2106 quod
518 2032 610 2090 sorma
629 2030 798 2089 sacramenti
818 2031 959 2108 significet
978 2032 1007 2090 id
1027 2033 1105 2109 quod
1117 2036 1147 2094 in

58 2139 235 2189 sacramento
243 2133 343 2208 agitur,
353 2131 599 2208 proportionaliter
608 2131 732 2189 materiae
742 2133 922 2190 sacramenti.
958 2132 1042 2193 Unde
1054 2135 1146 2194 forma

58 2230 193 2306 baptismi
203 2238 262 2288 est:
286 2229 376 2309 ‘Ego
389 2236 417 2288 te
428 2230 550 2309 baptizo
559 2230 580 2288 :'
601 2240 629 2288 et
641 2231 734 2289 sorma
747 2231 970 2290 confirmationis
981 2243 1034 2303 est,
1050 2242 1058 2270 ‘
1071 2233 1147 2294 Con·

59 2329 148 2408 signo
170 2337 199 2389 te
212 2329 303 2408 signo
325 2329 433 2399 crucis,
447 2337 475 2389 et
487 2329 631 2409 confirmo
645 2337 673 2388 te
685 2330 849 2390 chrismate
868 2330 1000 2401 salectis?
1015 2353 1049 2393 eo
1070 2335 1147 2407 quod

60 2428 227 2506 hujusmodi
247 2439 423 2489 sacramenta
435 2429 621 2507 perficiuntur
633 2431 664 2488 in
677 2449 731 2488 usu
744 2431 878 2489 materiae.
920 2431 955 2490 In
969 2444 1146 2493 sacramento

62 2537 154 2587 autem
175 2528 374 2599 Eucharistiae,
392 2529 470 2603 quod
488 2530 621 2598 consistit
640 2530 670 2586 in
692 2529 756 2606 ipsa
776 2531 989 2588 consecratione
1012 2534 1146 2599 materiae,

59 2629 228 2705 exprimitur
253 2628 354 2688 veritas
383 2630 616 2697 consecrationis,
638 2646 705 2686 cum
732 2626 851 2685 dicitur:
887 2625 951 2686 Hoc
973 2636 1017 2688 est
1039 2647 1145 2708 corpus

59 2745 168 2786 meum.
212 2727 278 2787 Hoc
292 2737 386 2787 autem
399 2737 616 2797 sacramentum,
631 2727 740 2785 scilieet
752 2726 936 2802 poeuitentiae,
945 2744 1004 2786 non
1017 2729 1147 2788 consistit

59 2826 85 2884 in
110 2828 326 2887 consecratione
352 2827 473 2906 alicujus
499 2828 633 2895 materiae,
659 2845 714 2885 nec
741 2826 770 2883 in
795 2843 850 2883 usu
876 2825 997 2903 alicujus
1019 2829 1146 2887 materiae

61 2926 250 2994 sanctificatae,
271 2926 323 2986 sed
348 2929 440 3005 magis
463 2926 496 2985 ¹iu
521 2926 678 2984 remotione
704 2923 853 3003 cujusdam
879 2926 1015 2993 materiae‚
1037 2927 1148 2986 scilicet

59 3027 185 3099 peccati:
213 3037 297 3102 prout
322 3035 438 3103 peccata
463 3025 594 3084 dicuntur
612 3043 677 3083 esse
704 3024 820 3082 materia
842 3024 1032 3100 poenitentiae:
1059 3035 1090 3085 ut
1109 3044 1147 3084 ex

60 3141 143 3202 supra
165 3125 248 3184 dictis
270 3134 376 3204 patet..
398 3125 480 3184 'I'alis
498 3133 592 3184 autem
611 3124 733 3182 remotio
756 3122 929 3198 significatur
952 3144 969 3182 a
989 3124 1144 3194 sacerdote,

59 3242 120 3283 cum
134 3224 257 3283 dicitur:
279 3224 353 3302 Ego
367 3230 395 3282 te
408 3222 552 3294 absolvo,-
573 3242 640 3282 nam
653 3230 770 3300 peccata
789 3231 856 3281 sunt
876 3223 1007 3296 quadam
1021 3226 1145 3296 vincula,

59 3324 216 3383 secundnm
230 3323 301 3383 illud
313 3325 532 3384 Proverbiorum
545 3322 584 3380 V.
606 3323 790 3396 ‘iniquitates
805 3341 864 3380 suae
878 3325 993 3401 capiunt
1012 3325 1144 3403 impium,

58 3431 83 3480 et
93 3423 213 3483 funibus
234 3433 415 3501 peccatorum
427 3441 543 3481 suorum
559 3421 679 3495 quisque
692 3421 915 3499 oonsuingitur!
959 3423 1043 3484 Unde
1057 3437 1145 3503 patet,

58 3523 131 3594 quod
153 3523 217 3582 haec
237 3533 281 3582 est
297 3522 567 3582 convenientissima
587 3521 679 3580 forma
700 3521 786 3600 hujus
809 3525 996 3583 sacramenti:
1024 3523 1097 3603 Ego
1117 3533 1146 3585 te

58 3615 227 3682 obsolo0.'’2

95 3727 123 3780 5.
146 3721 233 3790 Quod
247 3731 341 3781 autem
355 3722 548 3781 auctoritatem
558 3720 685 3780 divinam
697 3721 751 3780 sibi
764 3718 897 3779 sacerdos
906 3738 1042 3798 usurpare
1052 3720 1146 3778 videa·

58 3827 109 3889 tur,
136 3841 154 3880 a
179 3822 305 3898 peccatis
327 3820 511 3889 absolvendo,
539 3821 665 3898 explicat
689 3820 845 3897 Angelicus
869 3818 996 3876 Doctor:
1027 3818 1144 3884 “Solus

58 3917 137 3979 Dens
151 3940 204 3998 per
216 3922 419 3991 auctoritatem,
443 3931 472 3979 et
490 3941 508 3978 a
526 3929 643 3998 peccato
663 3918 793 3984 absolvit,
807 3924 836 3973 et
848 3926 996 3992 peccatum
1010 3917 1143 3977 remittit:

57 4021 218 4080 sacerdotes
240 4031 335 4079 tamen
355 4029 505 4094 utrumque
529 4019 636 4079 faciunt
655 4036 707 4094 per
726 4015 932 4076 ministerium:
953 4015 984 4074 in
1009 4024 1147 4088 quantum

57 4120 168 4180 scilicet
181 4120 268 4180 verba
280 4120 434 4180 sacerdotis
448 4120 478 4179 in
491 4120 547 4179 hoc
566 4124 744 4176 sacramento
763 4114 1014 4174 instrumentaliter
1025 4134 1145 4194 operan-

95 4329 137 4395 (1)
158 4326 448 4392 8.Α1ρίι,1.ιί.ιι.482.
614 4324 657 4391 (2)
676 4321 711 4372 iii.
721 4337 745 4388 p.
757 4337 799 4386 qu.
809 4320 902 4372 lxxxiv.
914 4329 957 4373 art.
969 4322 1003 4374 iii.
1037 4324 1112 4395 Κεφ.
