2640 4860
443 355 500 415 DE
521 352 831 415 ABSOLUTIONE.
1122 360 1179 414 211

99 521 161 581 esse
174 519 372 588 deserendam
384 521 432 593 qui
445 522 522 580 enim
536 521 564 578 in
578 538 613 577 ea
625 522 733 579 versari
746 522 848 598 pergit,
862 519 1013 579 manifesto
1028 520 1186 581 discrimini

98 622 195 698 lapsus
210 641 242 680 se
256 621 364 698 objicit.
407 619 523 677 Frustra
542 617 657 693 quidem
674 621 730 677 sibi
751 619 901 686 blanditur,
915 620 965 692 qui
984 628 1062 695 putat
1082 638 1113 676 se
1126 621 1186 680 vic-

99 729 188 779 torem
202 720 329 777 futurum
349 719 467 794 peceati,
487 718 569 776 hoste
589 736 678 794 prope
699 737 729 775 sc
750 717 858 776 relicto.
901 717 970 775 Ideo
981 719 1124 794 poenitens
1138 721 1187 792 qui

98 817 174 896 apud
187 837 220 877 se
233 819 334 876 retinet
345 815 510 894 hujusmodi
524 818 714 883 occasionem,
735 819 852 876 omnino
865 815 1010 892 cogendus
1024 826 1068 875 est
1080 827 1112 876 ut
1124 837 1186 876 earn

97 925 245 976 amoveat:
267 935 324 990 quo
338 916 486 992 proposito
506 916 531 972 si
552 923 654 982 eareat,
669 934 736 974 vera
749 915 917 974 contritione
931 933 1027 973 carere
1040 917 1200 975 convinci-¹

96 1024 158 1075 tur:
188 1015 242 1073 sed
267 1024 295 1072 ct
319 1015 497 1091 prepositum
524 1015 686 1072 executioni
711 1024 754 1072 est
779 1012 1018 1081 demandandum,
1039 1022 1188 1087 antequam

95 1114 240 1173 absolutio
255 1113 346 1181 detur,
360 1132 426 1170 nam
440 1122 515 1171 tanta
528 1123 571 1170 est
584 1112 745 1188 cupiditatis
759 1114 813 1180 vis,
828 1122 946 1170 externa
959 1121 1090 1170 manente
1104 1131 1186 1170 occa·

92 1214 190 1282 sione,
206 1223 238 1270 ut
250 1230 335 1269 nemo
349 1212 441 1287 possit
451 1212 517 1279 sibi,
531 1212 702 1287 proponenti
712 1212 774 1288 ejus
788 1213 972 1279 amotionem,
986 1211 1091 1268 fidere:
1108 1210 1189 1269 “Or·
1211 1282 1215 1291 ·

94 1312 210 1370 dinarie
224 1309 401 1383 loquend0‚”
423 1311 516 1383 inquit
536 1310 567 1367 S.
584 1310 761 1386 Alphonsus,
783 1319 957 1382 “nunquam
978 1311 1087 1368 absolvi
1107 1308 1190 1368 debet

93 1412 242 1486 poenitens
257 1409 305 1481 qui
327 1418 452 1467 versatur
465 1410 494 1466 in
508 1409 658 1466 occasione
672 1410 802 1485 proxime
817 1409 982 1477 voluntaria,
1006 1409 1117 1466 etiamsi
1139 1428 1189 1467 ex·

96 1508 287 1568 traordinaria
305 1508 387 1583 signa
407 1507 514 1566 doloris
537 1506 644 1574 afferat,
659 1518 808 1578 antequam
829 1509 1007 1567 occasionem
1027 1517 1188 1575 removeat;

94 1607 213 1666 occasio
228 1607 305 1664 enirn
319 1606 488 1674 extrinseca,
503 1607 660 1682 praesertim
675 1606 721 1662 ubi
735 1607 826 1682 agitur
840 1605 876 1662 de
889 1606 958 1663 vitio
971 1607 1055 1682 turpi,
1076 1606 1190 1679 quando

95 1724 228 1784 praesens
251 1713 304 1772 cst,
328 1705 367 1761 ita
387 1714 512 1763 mentem
531 1713 665 1772 excaecat,
686 1713 719 1762 ut
740 1706 836 1762 omnia
858 1705 1004 1781 proposita
1023 1707 1191 1764 ememoria

96 1805 202 1871 deleat,
229 1814 257 1862 et
280 1802 315 1860 ad
336 1814 451 1880 peccata
476 1805 513 1861 ita
533 1803 664 1880 impellit,
691 1812 721 1860 ut
741 1803 844 1876 aliquis
865 1804 977 1860 etiamsi
990 1812 1093 1862 certam
1108 1823 1189 1862 suam

97 1903 315 1962 damnationem
336 1903 370 1959 ab
393 1905 443 1962 illo
467 1902 586 1960 crimine
607 1914 766 1960 secuturam
781 1911 976 1978 cognosceret,
991 1902 1082 1960 adhue
1096 1923 1112 1959 a
1125 1921 1191 1980 pec·

98 2012 163 2060 cato
178 2020 236 2059 non
251 1996 446 2059 desisteret.”1
487 2001 610 2059 Etiamsi
624 2002 803 2078 propositum
819 2000 952 2059 tollenda
963 2001 1121 2059 occasionis
1135 2002 1192 2058 sin·

99 2119 199 2158 cerum
223 2100 277 2166 sit,
292 2100 437 2157 contendit
457 2100 488 2156 S.
503 2099 669 2176 Alphonsus
683 2101 866 2176 poenitentem
888 2098 963 2157 haud
977 2118 1039 2157 esse
1054 2118 1118 2157 vere
1131 2099 1190 2158 dis·

100 2200 239 2274 positum,
255 2198 310 2255 nisi
323 2215 424 2275 reapse
438 2199 591 2265 sustulerit,
614 2200 650 2256 ob
671 2199 826 2275 periculum
840 2199 1021 2257 manifestum
1035 2199 1190 2267 relabendi,

102 2296 180 2368 quod
206 2295 364 2355 differendo
389 2297 474 2355 subit.
518 2297 660 2355 “Ablatio
692 2299 851 2357 occasionis
877 2307 922 2356 est
946 2316 991 2355 res
1019 2317 1191 2376 magnopere

103 2396 202 2463 ardua,
224 2405 252 2452 et
273 2415 331 2453 non
345 2395 377 2453 lit
391 2397 446 2454 nisi
460 2396 525 2467 quis
539 2414 672 2472 magnam
693 2397 751 2454 vim
772 2399 826 2456 sibi
840 2397 951 2464 inferat,
965 2407 997 2454 ut
1010 2398 1146 2457 avellatur
1159 2399 1193 2455 ab

104 2495 153 2553 illa
166 2495 330 2563 occasione,
345 2495 380 2552 ad
395 2513 490 2568 quam,
504 2504 621 2572 propter
640 2495 808 2570 praeteritam
827 2497 872 2553 sui
886 2495 974 2552 animi
987 2495 1191 2562 adhaesionem,

104 2603 233 2651 remanet
246 2593 328 2651 valde
341 2611 520 2671 propensns;
542 2594 658 2660 otides,
673 2592 698 2648 si
712 2595 823 2651 occasio
834 2612 891 2651 non
906 2592 1029 2651 aufertur
1039 2604 1103 2652 ante
1114 2595 1194 2651 abso·

104 2693 254 2760 lurionem,
269 2693 410 2769 poenitens
424 2690 459 2748 de
473 2691 549 2749 sacili
561 2701 627 2769 post
640 2691 847 2749 absolutionem
858 2710 889 2748 se
902 2689 1036 2766 decipiet,
1052 2690 1123 2749 salsb
1137 2692 1193 2749 sibi

105 2791 252 2849 suadendo
267 2790 343 2863 quod
357 2792 555 2850 tentationibus
569 2792 692 2857 resistet,
713 2800 742 2846 et
763 2791 815 2858 sic,
829 2790 980 2848 occasione
993 2809 1051 2847 non
1065 2790 1193 2857 dimissa,

105 2891 234 2967 prolecto
248 2890 348 2948 redibit
360 2890 394 2948 ad
408 2889 556 2948 vomitum.
599 2890 663 2956 Qua
683 2888 718 2945 dc
732 2907 773 2956 re,
795 2890 819 2946 si
833 2888 896 2945 talis
910 2888 994 2945 vellet
1013 2889 1131 2955 absolvi,
1145 2907 1193 2947 an·

106 2999 220 3061 tequam
235 2990 415 3047 occasionem
430 2989 549 3058 deserat,
571 2999 647 3046 esset
669 2987 865 3064 indispositus‚
886 2987 954 3058 qnia
966 3004 997 3042 se
1011 2987 1195 3045 constitueret

105 3089 135 3146 in
149 3089 289 3164 probabili
302 3088 430 3163 periculo
443 3088 616 3165 infringendi
630 3088 825 3164 propositum:
840 3105 872 3144 ac
886 3097 1035 3162 propterea
1048 3085 1193 3144 confessa·

105 3187 175 3254 rius,
191 3188 319 3259 quicum
334 3186 502 3253 absolveret,
518 3189 611 3263 ipsum
625 3183 812 3258 relinquendo
832 3187 861 3244 in
883 3185 930 3242 tali
944 3186 1081 3262 periculo,
1095 3185 1193 3258 utique

106 3296 237 3360 peccaret
250 3296 306 3343 tam
321 3295 418 3344 contra
431 3284 556 3343 officium
567 3285 684 3362 judicis,
706 3304 789 3357 quarn
811 3284 925 3353 medici,
950 3285 1016 3357 quia
1036 3285 1194 3342 absolveret

107 3384 320 3460 indispositum,
347 3403 405 3442 non
431 3383 600 3460 applicando
623 3384 663 3441 illi
689 3384 849 3442 remedium
875 3402 933 3441 suae
959 3384 1042 3442 saluti
1064 3403 1193 3442 necessa·

106 3475 231 3543 rium.’'²
1206 3548 1207 3551 Ἴ

149 3588 216 3641 187.
239 3583 308 3640 Non
322 3590 474 3639 excusatur
487 3582 627 3657 poenitens
650 3601 666 3637 a
686 3581 810 3640 tollenda
824 3583 986 3650 occasione,
1006 3583 1072 3640 licet
1093 3581 1193 3639 solatio

107 3700 211 3760 magno
225 3699 259 3738 ae
273 3679 459 3738 delectatione
480 3679 634 3757 privandus
657 3680 704 3747 sit,
725 3682 867 3738 consortio
887 3679 1052 3756 hujusmodi
1066 3681 1096 3736 in
1108 3679 1192 3735 rebus

109 3780 193 3839 licitis
207 3779 390 3837 renuntians:
405 3797 472 3837 nam
486 3776 585 3836 meritd
606 3779 711 3855 rejecta
730 3787 773 3836 est
794 3775 943 3855 eujusdam
957 3776 1102 3834 excusatio
1116 3775 1193 3846 quod

109 3881 199 3956 ejecta
218 3878 378 3937 concubina
397 3878 445 3935 vix
465 3877 520 3935 alia
533 3878 706 3935 inveniretur
718 3875 823 3933 samnia
843 3893 906 3946 quae
920 3874 1006 3949 dapes
1020 3872 1072 3929 sibi
1087 3882 1196 3947 pararet

111 3995 259 4054 congruas,
287 3977 373 4034 veluti
399 3995 431 4033 ac
452 3977 477 4034 si
496 3976 569 4053 gulae
595 3975 725 4049 voluptas
751 3992 808 4048 pras
829 3973 929 4029 auintae
953 3970 1042 4027 salute
1062 3968 1194 4028 habenda

111 4075 196 4136 foret:
219 4084 392 4152 quapropter
423 4073 586 4133 Alexander
611 4072 680 4131 Vll.
704 4070 848 4129 damnavit
867 4086 930 4127 cam
948 4067 1192 4144 propositionem:

248 4297 290 4361 (l)
309 4293 339 4342 L.
350 4293 379 4343 vi.
391 4309 416 4343 n.
427 4295 485 4344 452.
792 4290 835 4356 (2)
854 4286 953 4346 ibidem,
965 4302 991 4336 n.
1003 4287 1062 4338 uss.
