2640 4860
387 385 588 447 CANONES
609 387 916 448 POENITENTIAE.
1135 396 1195 452 257

148 550 207 618 Qui
221 552 257 611 ad
274 553 428 612 bibendum
442 555 542 612 invitat
555 555 619 630 plus
633 573 719 627 quam
732 564 838 614 naturae
852 555 920 614 satis
934 563 987 625 est,
1001 557 1196 634 poenitentiam

108 659 182 729 agat.

146 750 206 818 Qui
228 769 288 827 prae
308 751 443 809 ebrietate
463 761 492 809 et
513 752 628 828 crapula
647 753 785 811 vomitum
807 753 914 821 lecerit,
935 754 961 812 si
977 755 1127 832 presbyter
1147 764 1194 813 aut

110 848 258 917 diaconus,
279 850 475 926 poeniteutiam
506 861 570 927 agat
592 850 653 908 dies
674 850 875 928 quadraginta:
907 851 932 908 si
954 853 1121 923 monachus,
1151 863 1199 913 aut

108 946 240 1016 clericus,
263 947 324 1006 dies
346 949 475 1026 trigintar
506 950 530 1008 si
550 950 651 1017 laicus,
672 951 733 1009 dies
760 951 936 1024 quindecim,
958 953 1152 1027 abstineatque
1181 972 1198 1010 a

111 1049 177 1107 vino
191 1056 221 1106 et
233 1065 318 1106 carne
332 1047 393 1106 dies
408 1059 473 1107 tres.

148 1148 181 1205 Si
194 1147 260 1220 quis
273 1146 346 1223 gulae
360 1167 446 1206 causa
459 1158 523 1206 ante
536 1147 636 1206 horam
648 1147 806 1226 legitimam
822 1150 966 1227 jejunium
986 1149 1110 1228 fregerit,
1125 1149 1197 1209 duos

110 1243 169 1304 dies
183 1246 381 1322 prenitentiam
396 1256 460 1324 agat
469 1248 499 1305 in
512 1265 586 1323 pane
600 1255 629 1304 et
641 1267 723 1321 aqua.

148 1345 181 1402 Si
202 1344 266 1417 quis
287 1345 377 1405 nimio
398 1346 462 1404 cibo
481 1364 513 1402 se
534 1346 756 1423 ingurgitaverit,
777 1356 809 1405 ut
827 1347 893 1406 inde
914 1347 1041 1408 dolorem
1068 1347 1197 1414 senserit,

111 1463 198 1503 unum
213 1443 289 1503 diem
303 1446 497 1522 poenitentiam
511 1454 575 1522 aget
587 1446 617 1504 in
631 1465 705 1523 pane
718 1456 746 1504 et
759 1465 841 1520 aqua.
906 1507 909 1511 ,

387 1673 589 1734 CANONES
610 1675 918 1736 POENITENTIAE.

492 1867 540 1928 De
552 1869 649 1929 uariis
662 1869 812 1930 Peractis.

148 2038 181 2095 Si
202 2037 268 2109 quis
289 2035 422 2095 sacerdos
443 2037 566 2096 Missam
587 2040 672 2106 canit,
693 2057 788 2111 neque
808 2040 1007 2107 communicat,
1021 2058 1073 2116 per
1092 2048 1198 2100 annum*

114 2122 309 2213 penitentiam
323 2145 396 2212 agat,
411 2156 464 2195 nec
478 2157 545 2196 vero
559 2138 668 2196 interea
681 2139 814 2197 celebret.

149 2234 291 2293 Sacerdos
311 2238 585 2304 excommunicatus,
600 2238 626 2294 si
644 2239 777 2307 celebret,
793 2239 880 2296 tribus
900 2237 982 2296 annis
996 2240 1137 2314 poenitens
1150 2240 1196 2306 sit,

109 2334 354 2407 hebdomadisque
374 2336 495 2412 singulis
515 2336 586 2394 seria
604 2336 738 2406 secunda,
761 2347 869 2412 quarta,
890 2346 918 2395 et
937 2349 1019 2395 sexta
1038 2358 1055 2396 a
1075 2339 1153 2406 vino,
1168 2349 1197 2396 et

110 2435 241 2492 carnibus
252 2434 372 2510 jejunet.

150 2531 292 2591 Sacerdos
314 2533 466 2592 sacerdotii
484 2534 583 2611 gradu,
608 2533 764 2606 ordineque
780 2535 810 2592 in
833 2542 1003 2611 perpetuum
1027 2544 1147 2602 amotus,
1170 2538 1196 2593 si

108 2632 250 2691 celebrare
273 2632 365 2701 audet,
380 2634 507 2710 privatur
526 2634 728 2692 communione
749 2633 888 2710 Corporis
902 2641 931 2689 et
950 2633 1106 2708 Sanguinis
1125 2632 1197 2690 Jesu

110 2730 221 2789 Christi
234 2750 325 2804 usque
339 2732 374 2789 ad
394 2732 524 2791 ultimum
540 2733 627 2801 diem,
642 2734 712 2790 etin
733 2731 1026 2791 excommunicatione
1041 2740 1094 2799 est,
1107 2731 1198 2791 Viati-

108 2849 174 2888 cum
189 2839 296 2888 tantum
310 2831 339 2888 in
351 2832 410 2890 fine
423 2850 550 2890 sumens.

149 2929 182 2987 Si
196 2939 273 3007 gutta
281 2929 435 3008 Sanguinis
445 2929 556 2989 Christi
566 2933 595 2991 in
606 2939 708 2990 terram
718 2930 803 2999 cadit,
815 2927 948 2988 sacerdos
959 2930 989 2986 in
1002 2929 1196 3006 poeniteutiam

108 3030 146 3086 sit
159 3029 363 3106 quinquaginta
376 3031 494 3089 diebus:
517 3033 543 3088 si
556 3050 646 3104 usque
661 3030 696 3089 ad
711 3040 776 3098 tres,
791 3029 891 3087 diebus
901 3046 1015 3086 novem.
1046 3028 1079 3086 Si
1087 3029 1199 3086 incaute

108 3128 228 3195 dimisit,
243 3130 373 3201 quamvis
387 3131 428 3189 nil
441 3130 555 3189 nefandi
569 3129 711 3199 acciderit,
726 3131 812 3188 tribus
825 3129 972 3186 mensibus
986 3147 1003 3185 a
1016 3128 1060 3185 sui
1073 3127 1199 3186 muneris

109 3227 354 3286 administratione
368 3234 524 3289 amovebit.

149 3326 183 3384 Si
198 3346 248 3402 per
262 3328 424 3386 ebrietatem
439 3328 650 3388 Eucharistiam
664 3330 787 3397 evomit;
809 3328 835 3385 si
848 3327 937 3386 laicus
948 3337 1001 3395 est,
1014 3325 1199 3404 quadraginta

108 3425 227 3493 diebus;
248 3427 274 3484 si
294 3426 423 3494 clericus,
437 3427 602 3505 sexaginta;
623 3429 648 3485 si
668 3429 832 3505 episcopus,
853 3427 1006 3504 nonaginta
1026 3426 1149 3485 diebus:
1170 3428 1195 3484 si

110 3524 252 3594 infirmus,
267 3526 462 3601 poenitentiam
477 3536 542 3603 aget
555 3526 655 3584 diebus
675 3538 795 3604 septem.

150 3625 292 3683 Sacerdos
307 3626 357 3698 qui
367 3626 483 3683 interest
496 3625 965 3704 clandestinisdesponsationibus,
980 3643 1031 3700 per
1045 3625 1198 3683 triennium

109 3724 144 3781 ab
155 3723 244 3782 officii
254 3724 299 3780 sui
308 3724 550 3784 administratione
564 3733 720 3782 amovetur.

148 3822 207 3889 Qui
227 3823 321 3899 legata
341 3823 389 3899 pia
408 3823 549 3882 Ecclesia
569 3844 629 3882 non
648 3823 744 3890 solvit,
758 3841 815 3880 uno
836 3839 910 3878 anno
923 3820 1065 3896 poenitens
1078 3819 1132 3875 erit
1143 3836 1195 3894 per

108 3921 251 3998 legitimas
269 3922 363 3981 ferias.

150 4021 208 4087 Qui
230 4021 274 4078 vir
290 4021 392 4080 faciem
413 4040 495 4080 auam
514 4020 755 4081 transformaverit
773 4018 868 4076 habitu
891 4014 1032 4081 muliebri,
1049 4023 1078 4072 et
1097 4014 1199 4072 mulier

109 4119 205 4177 habitu
219 4120 283 4188 viri,
298 4120 526 4181 emendationem
542 4120 695 4198 pollicitus,
710 4119 792 4175 annis
806 4115 945 4194 poenitens
958 4114 997 4171 sit
1009 4113 1108 4171 tribus.

149 4218 284 4277 Infirmos
311 4230 358 4277 aut
382 4220 493 4280 vinctos
518 4221 632 4278 visitare
658 4216 817 4294 negligens,
838 4212 1033 4293 poenitentiam
1054 4219 1118 4291 aget
1136 4210 1198 4270 dies

112 4316 222 4385 decem,
238 4337 312 4395 pane
326 4329 354 4376 et
367 4337 448 4392 aqua.

625 4420 663 4476 23
675 4420 691 4454 ¹*
