2640 4860
169 344 209 401 sa
410 306 685 398 us'maruum
706 334 1025 396 eucharisum.

175 518 221 566 cat
242 507 291 579 qui
312 505 458 563 materiam
477 504 592 562 dubiam
615 502 739 571 adhibet,
764 522 799 561 v:
814 521 850 579 g:
872 503 1027 580 siliginem,
1049 521 1102 561 seu
1123 503 1231 580 segale,
1245 510 1274 558 et

174 604 312 682 speltam:
329 623 395 662 nam
410 615 515 661 temere
529 604 648 678 exponit
661 622 692 660 se
707 602 865 661 discrimini
879 602 964 659 verba
976 603 1081 660 smstra
1094 599 1269 678 proferendi.

216 708 246 760 2.
269 702 356 760 Panis
376 702 480 760 confici
502 701 586 759 debet
608 720 645 759 ex
665 700 755 759 farina
768 701 877 759 triticea
897 719 971 774 aqua
992 701 1113 758 naturali
1136 698 1226 759 diluta
1245 710 1275 756 et

178 804 244 879 igue
258 813 355 869 cocta;
377 804 419 860 sic
432 802 508 858 euim
530 801 613 877 panis
627 800 734 858 usualis
748 799 907 857 conficitur.
950 798 1036 866 Quod
1049 799 1154 872 siquis
1168 818 1271 872 aquam

177 918 335 966 rosaceam,
358 901 402 958 vel
426 899 508 957 aliam
524 909 581 957 arte
604 899 705 956 factam
727 898 868 966 adhibeat,
889 918 949 958 non
963 897 1073 957 videtur
1092 898 1200 966 valere,
1216 899 1272 956 nisi

180 1018 260 1072 aquae
280 1000 399 1057 naturali
420 1000 511 1075 copiae
524 998 610 1075 longe
624 998 724 1075 majori
736 998 867 1056 immixta
880 999 927 1056 sit.
949 999 1033 1070 aqua
1046 998 1134 1055 maris
1149 1007 1194 1055 est
1207 1016 1274 1054 vera

179 1110 208 1155 et
228 1099 363 1157 naturalis
383 1117 467 1170 aqua,
492 1097 612 1169 ideoque
633 1097 715 1174 panis
736 1114 773 1154 ex
796 1116 831 1154 ea
850 1097 945 1155 sarinae
969 1097 1099 1155 immixta
1113 1096 1272 1162 confectus,

181 1216 248 1255 vera
261 1209 306 1255 est
319 1198 434 1255 materia
454 1197 655 1254 Eucharistiae.
698 1195 731 1252 Si
753 1195 807 1263 lac,
830 1198 940 1263 vinum,
962 1195 1007 1252 vel
1028 1195 1100 1252 alius
1121 1195 1218 1268 liquor
1238 1194 1273 1252 ab

182 1316 254 1370 aqua
267 1295 397 1356 diversus
411 1296 601 1353 immiscemur
615 1295 722 1361 farine,
744 1314 816 1367 aqua
835 1294 952 1364 naturali
966 1294 1083 1362 omissa,
1099 1313 1158 1352 non
1171 1294 1204 1351 fit
1216 1313 1273 1350 ma·

182 1398 253 1454 teria
267 1395 377 1454 idonea.
420 1395 539 1462 Quoties
553 1395 647 1467 liquor
660 1392 731 1450 alius
746 1412 826 1466 aquae
841 1395 1030 1460 immiscetur,
1045 1393 1069 1449 si
1083 1393 1172 1472 hujus
1186 1393 1270 1469 longe

80 1496 89 1515 “
183 1497 276 1572 major
288 1496 372 1570 copia
391 1493 436 1558 sit,
461 1494 576 1551 materia
589 1492 735 1550 sufficiens
756 1495 820 1560 erit,
842 1493 973 1566 quamvis
986 1511 1045 1550 non
1059 1494 1152 1567 possit
1164 1494 1270 1563 absque

183 1605 302 1670 peccato
315 1591 452 1650 adhiberi.
495 1592 648 1668 Butyrum,
663 1611 728 1660 ova,
741 1593 808 1659 mel,
824 1593 1000 1658 sacchamm‚
1015 1610 1073 1649 uon
1088 1591 1193 1650 debent
1205 1591 1275 1647 ulla·

183 1706 266 1753 tenus
280 1693 370 1749 tritico
392 1691 563 1760 immisceri:
584 1690 635 1748 sed
658 1692 682 1749 si
703 1710 789 1767 parva
811 1693 868 1750 sint
889 1691 1055 1764 quantitate,
1080 1710 1138 1749 non
1161 1691 1274 1748 obstant

184 1792 252 1863 quin
267 1791 348 1867 panis
363 1791 471 1849 usualis
492 1790 638 1856 habeatur,
651 1791 764 1863 quoties
784 1810 821 1848 ex
845 1791 935 1848 tritico
948 1800 976 1846 et
989 1808 1061 1863 aqna
1074 1791 1220 1866 praecipue
1232 1788 1271 1845 fit.

184 1891 283 1949 Massa
296 1891 393 1958 cruda,
408 1909 459 1948 seu
473 1903 563 1967 pasta,
587 1909 644 1947 non
658 1902 702 1947 est
714 1889 827 1958 idonea,
843 1890 979 1962 quianon
999 1899 1044 1946 est
1056 1890 1141 1965 panis
1155 1887 1272 1947 usualis.

184 1990 255 2068 Igne
278 2001 375 2048 coctus
396 1991 434 2047 sit
454 1991 545 2064 panis,
568 2008 687 2045 necesse
705 2000 759 2054 est,
784 2009 847 2060 qnae
868 1989 944 2046 euim
958 1987 1033 2046 frixa
1045 1987 1092 2045 vel
1104 1988 1183 2046 elixa
1198 1999 1273 2053 sunt,

184 2090 268 2166 panis
282 2091 398 2146 nomine
411 2107 469 2145 non
484 2087 611 2144 veniunt.
654 2086 764 2144 Hostiae
778 2088 868 2144 rubrae
883 2087 980 2160 quales
990 2088 1101 2155 litteris,
1113 2087 1273 2165 sigillomm

184 2189 282 2252 instar,
297 2196 486 2262 apponuntur,
501 2185 616 2242 materia
636 2185 720 2242 dubia
741 2198 817 2253 suut,
832 2187 868 2242 ob
882 2188 1042 2244 cinnabaris
1056 2187 1273 2252 admixtionem,

184 2301 254 2356 quas
276 2282 381 2340 idcirco
396 2283 540 2350 adhibere,
562 2284 646 2342 etiam
660 2285 838 2342 necessitatis
860 2297 1008 2361 praetextu,
1025 2305 1110 2363 grave
1125 2287 1200 2349 soret
1213 2304 1276 2362 pec·

183 2391 288 2438 catum.
331 2381 419 2438 Panis
441 2381 582 2449 mucidus,
606 2383 688 2459 cujus
709 2402 795 2460 sapor
814 2384 992 2456 aliquatenus
1013 2396 1146 2453 mutatur,
1162 2403 1275 2460 corrup·

183 2481 259 2538 tione
269 2482 330 2558 jam
345 2482 468 2557 incepta,
485 2500 541 2540 uon
556 2494 600 2539 est
613 2481 715 2541 idonea
728 2483 856 2541 materia.

225 2584 254 2638 3.
276 2580 326 2639 Ex
340 2601 391 2639 usu
406 2581 546 2640 Ecclesiae
558 2583 640 2659 panis
659 2581 868 2640 consecrandus
887 2581 962 2658 apud
976 2582 1096 2642 Latinos
1114 2583 1199 2641 debet
1214 2601 1275 2639 esse

184 2681 275 2757 figura
300 2682 448 2740 orbiculari
470 2693 499 2739 et
519 2683 637 2761 integra.
680 2681 841 2739 Consuevit
859 2681 951 2738 hostia
973 2683 1064 2759 major
1084 2684 1114 2741 in
1135 2682 1275 2741 sacrificio

184 2779 328 2839 adhiberi:
360 2782 412 2840 sed
438 2783 468 2840 in
495 2783 662 2840 necessitate
687 2781 846 2858 culpandus
867 2800 924 2839 non
946 2780 1065 2850 videtur,
1093 2783 1144 2856 qui
1170 2782 1275 2840 minori

183 2890 316 2949 uteretur,
332 2883 479 2941 nonenim
495 2892 605 2942 constat
617 2880 851 2941 consuetudinem
866 2880 941 2938 hanc
956 2880 1027 2938 adeo
1041 2893 1116 2940 arcte
1127 2882 1273 2959 obligare:

184 2980 244 3039 imo
261 2982 346 3059 juxta
368 2982 554 3061 Roncagliam
575 2991 713 3060 peccaret,
737 2983 772 3049 si,
795 2981 963 3040 necessitate
983 2980 1068 3038 dandi
1081 2982 1218 3041 viaticum
1232 3001 1275 3038 ur·

184 3089 279 3155 gente,
305 3080 461 3158 negligeret
488 3101 551 3140 eam
578 3081 722 3140 adhibere.
765 3080 943 3140 Consecrare
969 3080 1093 3139 hostiam
1118 3082 1275 3140 enormiter

185 3177 312 3245 fractam,
335 3179 379 3234 vel
401 3180 579 3247 maculatam,
600 3198 684 3256 grave
705 3188 749 3236 est
766 3192 929 3256 peccatum:
952 3197 1035 3237 secus
1056 3180 1082 3237 si
1094 3180 1217 3247 macula,
1232 3181 1277 3238 vel

185 3274 305 3333 fractura
318 3276 409 3333 levior
421 3273 483 3334 sit.¹

224 3379 253 3430 t.
275 3374 373 3440 Panis,
394 3393 445 3433 scu
467 3394 600 3451 azymus,
621 3394 672 3433 seu
690 3375 884 3446 fermentatus,
907 3397 991 3436 verus
1014 3379 1097 3456 panis
1111 3389 1164 3447 est,
1188 3388 1217 3437 et
1229 3378 1277 3437 ad·

185 3471 274 3529 hiberi
295 3482 398 3547 potest,
420 3492 472 3550 pro
494 3474 570 3531 vario
590 3473 787 3534 Ecclesiarum
811 3475 875 3547 ritu,
898 3497 913 3534 a
936 3497 994 3551 quo
1016 3498 1075 3536 non
1098 3478 1176 3546 licet,
1191 3480 1278 3537 etiam

185 3572 362 3630 necessitatis
377 3582 527 3649 praetextu,
543 3574 707 3632 discedere:
731 3588 904 3652 quapropter
917 3577 1013 3636 Latini
1026 3596 1133 3654 azymo
1152 3587 1277 3643 utuntur,

187 3672 282 3731 Graeci
296 3671 478 3731 sermentato:
495 3673 581 3746 quod,
595 3675 647 3732 sub
661 3694 744 3753 poena
758 3677 955 3752 suspensionis
970 3689 1114 3754 perpetuae
1128 3697 1145 3734 a
1159 3676 1275 3743 divinis,

185 3773 356 3832 servandum
366 3774 453 3852 jussit
466 3773 638 3832 Benedictus
652 3765 753 3833 XIV.2
793 3774 871 3835 Hinc
885 3775 1030 3844 sacerdos,
1052 3776 1112 3849 qui,
1126 3775 1276 3835 deficiente

186 3894 302 3952 azymo,
330 3875 507 3933 consecravit
528 3875 556 3932 in
591 3873 768 3944 fermentato,
800 3875 905 3951 privari
927 3876 1030 3952 jussus
1050 3885 1095 3934 est
1120 3875 1219 3934 officio
1251 3886 1279 3933 et

185 3967 353 4046 beneficio?
395 3975 521 4042 “Quare
549 3975 578 4033 in
599 3974 654 4032 hoc
673 3976 751 4035 nulla
772 3975 919 4053 dispensat
938 3976 1103 4043 necessitas,
1126 3993 1163 4033 ne
1183 3976 1278 4033 viatici

221 4191 262 4255 (l)
282 4189 308 4237 S.
322 4191 396 4256 Alph.
408 4193 423 4242 l.
436 4194 466 4243 vi.
478 4210 502 4243 n.
515 4197 572 4246 204.
711 4198 751 4262 (2)
773 4194 878 4244 Constit.
890 4197 949 4248 Etsi
962 4195 1159 4255 Perimedaea.
1174 4197 1247 4247 1742.

561 4283 602 4347 (3)
624 4281 685 4348 Cap.
697 4283 740 4331 ult.
751 4280 780 4331 de
792 4279 902 4332 celebrat.
