2640 4860
311 398 368 460 DE
389 398 554 461 SIGILLO
576 398 893 461 CONFESSIONIS.
1091 409 1147 467 175

58 565 214 639 aliquando
234 569 375 636 excusari,
403 569 539 645 scriptum
561 567 670 627 secretd
695 569 823 646 legentes
847 567 924 640 quod
944 570 1060 642 aliquod
1085 574 1148 649 ejus

56 665 195 724 indicium
206 666 331 742 prebere
340 668 509 743 conjiciunt:
522 687 575 726 nec
585 667 719 744 culpandi
728 666 858 726 videntur
867 668 891 725 si
903 669 1001 726 notitia
1010 671 1148 744 acquisita

57 765 87 822 in
101 765 224 823 aliorum
238 764 386 823 utilitatem
399 773 521 824 utantur.
974 744 985 762 ⁰

96 867 147 920 93.
170 863 220 920 Ex
241 863 355 921 licentia
375 865 537 939 poenitentis
563 864 650 923 libere
673 865 747 932 data,
766 883 824 923 non
846 865 1007 940 importune
1028 878 1146 936 extorta,

58 962 137 1040 gravi
151 972 322 1038 suppetente
335 980 428 1030 causa,
443 972 537 1038 potest
555 963 689 1021 sacerdos
701 963 799 1020 notitia
811 964 840 1020 in
860 963 1039 1022 confessione
1053 966 1149 1024 habita

59 1062 119 1127 uti3
136 1079 204 1118 narn
216 1079 304 1133 quum
317 1061 443 1136 sigillum
458 1062 487 1118 in
498 1060 623 1119 favorem
639 1063 801 1137 poenitentis
816 1062 972 1120 institutum
987 1065 1033 1131 sit,
1044 1066 1148 1140 poterit

58 1160 156 1231 utiquc
167 1159 215 1216 hic
225 1159 283 1234 juri
291 1177 344 1216 suo
358 1157 476 1226 cederc;
500 1168 519 1194 “
528 1159 653 1236 potest‚’'
669 1161 760 1232 inquit
772 1159 804 1216 S.
820 1160 962 1228 Thomas,
978 1169 998 1196 ‘⁴
1009 1163 1147 1221 confitens

59 1258 163 1324 facere,
179 1256 288 1315 utillud
303 1257 380 1329 quod
394 1257 527 1315 sacerdos
541 1259 648 1316 sciebat
666 1267 773 1316 tanturn
788 1267 819 1315 ut
832 1258 923 1326 Deus,
938 1260 1008 1316 sciat
1019 1261 1103 1318 etiam
1116 1271 1149 1319 ut

57 1357 166 1415 ltomo:
189 1355 266 1427 quod
280 1357 355 1423 facit,
370 1355 437 1413 dum
453 1357 579 1414 licentiat
587 1376 653 1414 eurn
667 1357 701 1415 ad
716 1357 887 1416 dicendum:
910 1368 938 1415 et
951 1357 1015 1416 ideo
1025 1359 1049 1415 si
1063 1358 1146 1429 dicat,

57 1474 114 1514 non
140 1455 248 1531 frangit
269 1455 394 1532 sigillum
421 1451 658 1514 confessionis.”¹
700 1455 845 1514 Ooeterum
866 1475 923 1514 non
943 1467 1053 1533 oportet
1073 1457 1147 1517 hanc

57 1566 153 1629 petere
167 1574 183 1610 a
197 1554 351 1629 poenitente
365 1554 489 1622 veniam,
501 1555 545 1612 vel
559 1563 660 1632 sponte
674 1555 766 1612 oblata
777 1558 826 1623 uti,
836 1557 893 1612 nisi
907 1557 1001 1632 gravis
1015 1567 1148 1634 suppetat

57 1673 160 1712 causa:
178 1661 419 1725 quaoccurrente,
433 1654 601 1729 plerumque
615 1653 792 1712 inducendus
802 1655 1012 1730 eritpoenitens,
1023 1666 1055 1713 ut
1067 1666 1146 1736 extm

55 1752 177 1811 tribunal
197 1753 392 1810 communicet
418 1770 481 1824 quae
508 1753 570 1810 aliis
597 1751 717 1809 dicenda
743 1753 828 1819 velit3
856 1754 902 1810 vel
927 1754 1026 1813 saltem
1053 1756 1146 1831 ipsam

56 1852 201 1910 licentiam
216 1849 527 1919 extrailludconcedat,
542 1851 885 1923 adeuntinquaestionem
900 1854 994 1910 vocari
1005 1853 1144 1931 deinceps

56 1971 112 2009 non
137 1951 249 2027 possit:
277 1959 388 2026 oportet
404 1953 481 2009 enim
503 1969 619 2008 ornnem
640 1951 832 2026 suspicionem
854 1951 933 2008 fracti
954 1952 1040 2027 sigilli
1061 1953 1147 2030 longe

58 2051 155 2108 abesse
168 2069 175 2106 :
199 2049 323 2107 “Debet
336 2068 435 2107 cavere
449 2049 611 2107 scandalum
623 2049 754 2118 dicendo,
766 2069 801 2107 ne
812 2049 914 2108 fractor
922 2050 1007 2126 sigilli
1022 2052 1147 2127 predicti

57 2141 252 2226 reputetur.’'2
293 2149 351 2206 Vix
364 2167 490 2221 unquam
506 2147 623 2225 expedit
635 2149 708 2206 hanc
720 2150 865 2208 licentiam
880 2150 1020 2226 accipere,
1035 2150 1147 2222 quando

57 2250 147 2324 ipsius
166 2266 247 2314 usus,
270 2249 424 2322 praesertim
444 2247 517 2323 apud
536 2249 634 2316 laicos,
653 2248 731 2305 daret
744 2249 882 2317 notitiam,
895 2248 939 2304 vel
952 2250 1147 2325 suspicionem

58 2348 178 2423 peccati,
194 2343 265 2404 aliis
280 2366 337 2404 non
345 2347 550 2404 innotescentis
562 2366 569 2403 ε
593 2366 628 2404 v:
650 2366 687 2424 g:
702 2349 727 2404 si
741 2350 879 2406 restitutio
893 2348 1005 2406 cuidam
1019 2349 1148 2408 facienda

59 2465 108 2522 per
120 2445 300 2504 sacerdotem
314 2445 474 2503 heredibus
491 2447 701 2523 injungeretur:
723 2450 789 2520 quia
808 2448 904 2505 violati
922 2448 1009 2524 sigilli
1022 2450 1146 2524 speciem

58 2546 150 2603 babet.
174 2544 207 2602 Si
217 2555 309 2602 autem
319 2544 514 2612 moribundus,
526 2545 605 2618 loqui
615 2543 669 2601 alta
678 2563 750 2603 voce
759 2565 816 2604 non
828 2546 934 2611 valens,
945 2545 1145 2604 detlicentiam

58 2645 199 2703 sacerdoti
208 2663 239 2701 se
251 2662 345 2701 coram
359 2643 559 2703 manifestandi
570 2662 655 2716 quam
666 2643 760 2701 doleat
769 2644 804 2701 de
817 2644 880 2700 vitas
889 2662 981 2718 pravae
993 2644 1145 2720 exemplis,

58 2746 95 2802 nil
116 2753 195 2801 vetat
214 2752 246 2800 ut
264 2744 358 2800 verbis
380 2743 559 2819 generalibus
579 2736 647 2800 illud
667 2744 807 2810 enuntiet3
829 2743 959 2813 quamvis
980 2742 1146 2817 plerumque

57 2843 191 2920 expediat
204 2841 326 2900 dolentis
340 2842 428 2901 animi
442 2842 556 2910 indicia,
573 2860 635 2915 quae
650 2841 712 2917 ipse
724 2840 910 2899 moribundus
924 2840 1048 2916 praebere
1062 2842 1146 2910 valet,

59 2944 125 3000 satis
140 2942 254 2999 habere.
297 2942 330 2998 Si
343 2944 485 3018 poenitens
496 2961 561 3000 curu
575 2941 749 2999 confessario
759 2951 839 2998 extra
850 2939 1015 2997 tribunalde
1024 2943 1147 3016 peccatis
1205 2977 1208 2981 ·

60 3061 120 3115 quae
141 3041 292 3098 confessus
314 3051 357 3098 est
376 3041 464 3098 libere
489 3042 628 3113 loquatur,
650 3040 763 3098 consilii
789 3058 883 3105 causa,
905 3038 951 3095 vel
974 3038 1010 3095 ob
1036 3058 1147 3112 aequam

59 3141 181 3214 aliquam
202 3141 341 3197 rationem
354 3140 496 3198 licentiam
512 3141 596 3217 plane
617 3139 664 3196 dat
682 3137 779 3196 utendi
799 3139 898 3195 notitia
917 3139 946 3196 in
968 3138 1147 3197 confessione

60 3241 205 3313 acquisita,
223 3248 361 3312 quatenus
376 3257 448 3315 opus
470 3241 507 3297 sit
520 3238 555 3296 ad
571 3257 637 3295 eum
658 3237 854 3314 dirigendum
875 3237 926 3295 sed
939 3237 1096 3297 cavendum
1111 3257 1147 3297 ne

63 3340 130 3396 ultra
150 3336 349 3415 progrediatur
368 3338 570 3404 confessarius,
584 3337 738 3395 volueres
759 3349 839 3395 extra
859 3337 985 3415 sigillum
999 3339 1069 3414 poni
1083 3337 1147 3398 ideo

24 3433 29 3451 '
64 3439 216 3504 existimet,
231 3435 301 3493 adeo
314 3446 345 3494 ut
358 3455 422 3493 cum
438 3437 511 3504 aliis,
527 3436 571 3493 vel
586 3454 651 3493 cum
669 3438 733 3512 ipso
748 3437 900 3512 poenitente
914 3437 948 3494 dc
962 3438 998 3495 iis
1012 3437 1149 3516 deinceps

61 3537 198 3608 loquatur,
206 3555 271 3593 nam
281 3535 398 3592 facultas
408 3553 470 3606 quae
478 3555 514 3592 ex
523 3535 629 3592 ratione
639 3535 742 3612 agendi
750 3536 900 3612 colligitur,
911 3539 1148 3596 eststrictissimas

63 3635 307 3712 interpretationis
323 3653 411 3706 quum
426 3644 523 3711 agatur
536 3632 571 3691 de
591 3652 621 3690 rs
641 3634 750 3702 odiosa,
771 3653 824 3691 usu
845 3635 953 3692 scilicet
972 3637 1078 3693 notitiae
1098 3654 1148 3711 per

63 3736 269 3792 confessionem
284 3734 396 3792 habitae.

97 3837 145 3891 94.
169 3832 214 3892 Ad
229 3833 409 3891 avertendam
420 3832 563 3910 publicam
584 3833 781 3898 calamitatem,
793 3830 837 3888 vel
852 3831 1011 3888 innocentis
1024 3831 1145 3894 ruinam,

63 3930 123 3989 licet
143 3933 225 3990 venia
247 3933 417 4008 poenitentis,
432 3932 520 3990 libere
542 3942 635 3989 tamen
655 3941 685 3990 ot
698 3927 848 4006 perspicui)
862 3929 936 3995 data,
950 3929 1010 3996 uti;
1031 3926 1145 4000 quodsi

66 4033 221 4104 poenitentis
241 4050 346 4089 nomen
367 4031 486 4108 prodere
509 4039 647 4106 oporteat,
668 4028 712 4086 vel
732 4029 827 4099 aliqua
850 4046 912 4100 quae
933 4026 995 4102 ejus
1018 4027 1148 4102 ingerant

66 4132 264 4206 suspicionem,
277 4149 436 4190 consensus
454 4131 516 4207 ejus
536 4129 654 4187 omnino
667 4126 813 4185 habendus
827 4135 879 4184 cst.
921 4124 967 4182 Ad
987 4125 1146 4184 facultatem

132 4353 173 4417 (l)
193 4349 280 4417 Suppl.
291 4349 323 4400 iii.
334 4365 358 4417 p.
370 4367 410 4414 qu.
422 4350 454 4400 xi.
467 4356 508 4399 art
520 4349 544 4399 ir
562 4383 568 4396 .
588 4347 661 4414 usp.
922 4347 964 4412 (2)
984 4343 1082 4395 ibidem.
