2640 4860
183 384 239 438 102
463 374 521 435 DE
541 372 831 435 CELEBRANDA
850 372 988 435 iussn.

180 558 274 602 autem
294 560 392 601 curam
412 540 562 601 habuerint
580 542 752 610 minimum,
770 552 828 601 tam
847 540 1014 615 usqnenur
1037 550 1072 598 ut
1091 559 1151 600 suo
1172 545 1283 602 muneri

179 642 365 709 musiacisut,
380 640 489 700 hlissas
501 637 691 699 celebrent.”¹

218 745 268 799 81.
289 741 347 808 Qui
360 759 458 800 curam
472 741 578 800 habent
587 742 744 799 animarum
757 740 900 798 celebrare
914 749 1048 798 tenentur
1060 737 1168 798 diebus
1181 740 1279 801 saltem

179 840 352 908 Dominicis,
360 853 389 898 et
402 840 482 899 lestis
490 840 526 899 de
540 852 694 918 praecepto,
708 858 798 913 quum
805 838 928 898 debeant
942 837 1045 898 iisdem
1056 836 1163 897 diebus
1177 839 1278 901 offerre

179 941 303 1000 Missam
331 958 383 1017 pro
408 941 518 1019 populo
542 941 598 997 sibi
622 939 801 998 commisso:
835 957 895 997 nou
921 939 1000 996 enim
1027 938 1206 1014 permittitur
1230 958 1278 1017 per

178 1041 338 1098 sacellanos
365 1039 488 1098 Missam
508 1039 651 1117 applicare
671 1039 729 1097 nisi
748 1037 863 1097 casibus
882 1056 958 1099 rere
978 1037 1172 1105 necessitatis,
1193 1048 1276 1097 etex

179 1142 318 1199 canonica
325 1158 423 1206 causa,
433 1142 474 1197 uti
487 1139 577 1213 liquet
585 1157 622 1196 ex
635 1139 824 1215 responsione
838 1136 872 1194 S.
880 1135 978 1214 (ἴοις.
989 1137 1185 1212 interpretum
1200 1137 1275 1196 Con·

179 1240 238 1297 cilii
249 1239 413 1298 Tridentini
425 1243 472 1297 ll.
485 1239 582 1296 Martii
600 1241 688 1295 184³.
709 1237 742 1295 Si
751 1237 874 1295 hlissam
884 1234 1124 1316 exsnndutione,
1134 1238 1177 1294 uti
1188 1239 1274 1305 aiunt,

177 1337 330 1398 dicendam
342 1339 452 1396 omittat
464 1336 616 1414 parochus,
629 1338 753 1414 graviter
764 1335 904 1412 peccabit,
918 1336 974 1393 nisi
988 1344 1069 1392 curet
1089 1352 1155 1393 eam
1169 1336 1204 1394 ab
1217 1336 1270 1395 alio

178 1436 389 1496 celebrandam.
429 1435 516 1502 Quod
527 1436 553 1494 si
561 1438 611 1494 rix
624 1455 751 1510 unquam
762 1437 836 1493 intra
847 1433 1058 1494 hebdomadam
1072 1434 1209 1504 celebret,
1223 1441 1273 1494 siro

177 1536 274 1595 officio
287 1535 388 1601 deerit,
403 1553 492 1608 quum
507 1536 557 1612 pio
569 1535 697 1593 fidelium
711 1533 854 1592 desiderio
864 1532 941 1592 haud
954 1533 1129 1601 satisfaciat3
1151 1532 1272 1593 sednon

178 1636 270 1694 audeo
282 1635 418 1693 damnare
431 1654 498 1693 eum
507 1636 556 1707 qui
570 1635 640 1693 alias
652 1646 695 1692 est
706 1634 770 1692 labe
780 1634 930 1702 immunis,
938 1643 967 1690 et
978 1641 1156 1711 opportunas
1170 1634 1273 1710 prabet

176 1736 344 1792 occasiones
357 1731 490 1792 tidelibus
502 1746 681 1793 sacramenta
694 1731 888 1810 suscipiendi:
911 1751 968 1805 qua
982 1733 1011 1790 in
1021 1750 1052 1789 re
1065 1743 1168 1808 peccm
1179 1745 1271 1792 tamen

176 1834 299 1909 graviter
307 1833 355 1891 cui
367 1832 468 1893 tideles
481 1835 630 1893 commissi
643 1845 710 1892 sunt
719 1853 771 1910 per
781 1833 930 1911 regionem
939 1831 994 1889 late
1003 1831 1140 1908 dispersi,
1152 1849 1272 1904 quorum

176 1932 292 2010 plurimi
313 1948 458 2006 nequeunt
477 1933 577 1992 diebus
598 1933 760 1991 Dominicis
775 1945 804 1990 et
823 1933 904 1992 sestis
924 1929 1079 1989 accedere:
1101 1950 1170 1990 nam
1191 1931 1273 1990 debet

177 2032 328 2106 aliquoties
342 2032 444 2090 saltem
458 2050 628 2108 perannum
643 2033 686 2090 eis
698 2033 790 2090 facere
803 2033 918 2109 copiam
931 2030 1003 2089 sacri
1016 2030 1181 2089 ministerii.

216 2130 265 2188 82.
287 2128 457 2189 Sacerdotes
476 2132 526 2202 qui
546 2149 643 2188 curam
664 2131 823 2189 animarum
845 2148 904 2189 non
926 2129 1040 2199 habent,
1054 2148 1115 2187 non
1140 2128 1271 2188 videntur

176 2228 266 2286 teneri
280 2228 314 2285 ad
328 2227 529 2287 celebrandum
550 2228 672 2305 singulis
686 2230 787 2287 diebus
808 2229 972 2289 Dominicis
986 2239 1014 2286 et
1035 2229 1118 2286 sestis
1139 2229 1274 2288 solemni·

174 2328 239 2391 bus,
254 2327 309 2384 nisi
323 2326 487 2402 specialiter
502 2328 623 2404 jusserit
635 2330 790 2405 episcopus
812 2331 849 2386 ob
863 2347 965 2405 graves
985 2326 1142 2386 admodum
1160 2347 1270 2397 causas,

176 2424 301 2483 Consilii
316 2424 478 2483 Tridentini
495 2427 612 2485 monitis
629 2428 783 2486 inhaerens.
826 2427 970 2486 Omnibus
989 2426 1191 2486 sacerdotibus
1211 2447 1273 2488 sua·

173 2523 299 2585 dendnm
312 2535 402 2585 estut
421 2525 547 2598 quotidie
562 2527 714 2597 celebrent,
729 2529 777 2604 pie
792 2537 886 2585 tamen
900 2538 928 2583 et
947 2536 1121 2594 reverenter,
1136 2528 1235 2586 animo
1257 2547 1272 2584 a

174 2626 307 2684 sordibus
333 2628 443 2704 peccati
470 2624 594 2685 mundo:
616 2645 682 2686 nam
709 2629 750 2685 sic
774 2627 838 2685 Deo
864 2624 992 2684 redditur
1017 2643 1149 2684 summus
1169 2626 1271 2695 honor,

174 2728 292 2785 nomine
305 2728 368 2804 ejus
382 2728 455 2786 iuter
467 2738 566 2804 gentes
581 2727 615 2783 ab
635 2738 697 2785 ortu
721 2727 792 2784 solis
805 2743 897 2798 usque
911 2724 946 2783 ad
965 2741 1100 2785 occasum
1116 2725 1270 2793 celebrato,

174 2837 203 2883 et
215 2826 304 2903 gratia
316 2838 414 2886 auctus
428 2827 542 2903 proficit
555 2827 605 2899 qui
619 2836 724 2885 tantam
737 2826 821 2885 offert
839 2826 984 2883 victimam
998 2844 1005 2880 :
1027 2824 1068 2881 nil
1083 2833 1182 2883 tamen
1198 2834 1270 2883 vetat

173 2925 323 2998 aliquoties
344 2944 381 2985 ex
407 2926 509 2985 humili
530 2926 574 2983 sui
594 2945 679 2984 sensu
701 2945 732 2984 se
752 2926 902 2983 abstinere.
944 2923 1085 2999 Episcopi
1110 2926 1270 3001 pracsertim

173 3024 277 3083 debent
290 3027 399 3085 nullum
415 3025 490 3084 diem
505 3026 612 3109 absque
626 3026 728 3085 Missas
742 3023 941 3090 celebratione,
953 3023 998 3080 vel
1012 3022 1114 3081 saltem
1125 3022 1269 3084 auditione

173 3117 319 3182 transire.²

396 3324 411 3397 §
432 3322 472 3382 ll.
515 3323 708 3389 Qumuoumr
729 3344 904 3386 cessasses
925 3344 1045 3386 stenar.

209 3501 258 3555 st.
280 3497 416 3564 Quolibet
428 3499 475 3557 die
489 3500 632 3559 celebrare
645 3503 721 3571 licet,
731 3516 852 3581 excepta
869 3505 939 3563 feria
952 3515 1033 3565 sexta
1046 3509 1076 3567 iu
1091 3506 1263 3573 Parasceve,

169 3599 199 3656 in
213 3616 269 3671 qua
281 3617 359 3657 mors
375 3596 485 3658 Christi
499 3611 737 3660 commemoratur
750 3605 925 3672 solemniter,
942 3602 1064 3679 ideoque
1077 3606 1265 3673 sacrificium,

170 3698 247 3772 quod
266 3701 296 3758 in
316 3697 378 3777 ejus
399 3700 564 3758 memoriam
586 3699 682 3758 offerri
704 3703 819 3779 jussum
841 3712 894 3771 est,
914 3722 972 3761 non
993 3708 1130 3765 convenit
1156 3704 1265 3763 offerri.

171 3806 191 3834 ‘⁶
202 3796 269 3860 Hoc
283 3810 376 3860 autem
391 3798 631 3868 sacramentum,'’
644 3802 778 3873 inquitS.
794 3802 935 3870 Thomas,
952 3807 1125 3884 “esttigura
1135 3804 1266 3877 quaedam

169 3908 198 3955 et
210 3901 377 3978 exemplum
391 3901 551 3960 Dominieae
565 3901 729 3976 passionis:
745 3902 819 3960 sicut
831 3901 938 3960 dictum
952 3913 1004 3963 est.
1049 3906 1089 3964 Et
1102 3903 1168 3964 ideo
1180 3903 1211 3961 iu
1221 3901 1266 3960 die

169 4011 226 4065 quo
246 4000 310 4076 ipsa
329 4002 426 4077 passio
445 3998 566 4061 Domini
597 4070 602 4077 Ι
668 4001 732 4070 ἰιιι,Ι
747 4010 831 4078 prout
850 4010 931 4079 gesta
956 4014 1008 4072 est,
1026 4024 1084 4064 non
1108 4001 1268 4062 celebratur

168 4101 344 4158 consecratio
358 4100 443 4176 hujus
457 4098 663 4169 sacramen'ffi-.‚
697 4098 801 4165 'feria
809 4101 908 4173 quinta
919 4099 948 4159 iu
959 4104 1061 4181 majori
1074 4101 1265 4170 hebdomade,

269 4253 311 4320 (l)
331 4255 395 4304 Sese.
408 4258 479 4308 xxiii.
491 4275 512 4309 c.
525 4261 574 4309 xiv.
648 4218 653 4225 ι
745 4261 787 4324 (2)
809 4258 869 4323 Cep.
882 4260 926 4308 ult.
938 4259 967 4308 de
976 4261 1085 4326 privileg.
1096 4260 1123 4310 in
1136 4261 1159 4308 6.

530 4345 572 4410 (3)
591 4345 625 4394 ιιι.
637 4360 661 4410 p.
673 4359 713 4408 qu
725 4342 821 4392 lxxxiii.
829 4349 875 4394 nrt.
886 4343 911 4393 ii.
