2640 4860
480 376 825 439 CAPUTUNICUM.
1136 389 1194 444 261

107 546 245 605 orationis
270 563 337 603 eum
356 544 489 603 unctione
512 544 729 621 conjungendis.
772 544 856 612 Quod
877 554 972 609 autem
994 547 1196 608 misericordie

109 645 167 703 Dei
186 645 237 702 fiat
255 645 373 713 mentio,
388 643 517 702 nonnulli
531 651 631 719 putant
652 661 767 719 prorsus
787 645 991 712 necessarium,
1006 646 1069 704 aliis
1094 666 1199 724 negan-

108 744 200 802 tibus:
216 762 279 816 quse
292 743 495 802 sententiarum
508 741 627 800 varietas
642 741 677 800 de
691 744 810 801 vocibus
831 743 998 817 “quidquid
1019 744 1197 819 deliquisti,”

111 843 196 901 etiam
211 843 359 918 reperitur.
401 841 485 919 Apud
499 860 601 900 omnes
615 851 724 899 constat
735 842 853 900 mortale
867 860 931 899 esse
944 852 1092 918 peccatum
1112 864 1198 904 voces

112 960 175 1014 quae
190 943 220 1000 in
235 942 391 1013 quaestione
404 943 504 1018 positae
524 951 601 1009 sunt,
616 941 746 999 consulto
766 942 906 1010 omittere,
922 959 1010 1013 quum
1031 947 1198 1004 sacramenti

111 1041 192 1099 valor
205 1040 379 1119 periclitetur
391 1058 456 1098 curn
467 1040 629 1099 moribundi
643 1033 772 1117 injuria.1

439 1255 520 1330 §.11.
561 1256 609 1314 Du
629 1275 702 1314 uruu
721 1275 870 1315 nussum.

149 1430 178 1483 5.
202 1424 310 1484 Unctio
324 1424 451 1497 quinque
464 1442 612 1492 sensuum,
623 1425 724 1483 saltem
733 1443 769 1482 ex
783 1433 925 1502 praecepto
936 1425 1201 1486 ecclesiaelacienda

111 1533 169 1593 est3
193 1533 212 1559 ‘⁶
225 1524 290 1596 quia
304 1524 410 1582 curatio
430 1523 594 1581 interiorum
609 1525 759 1583 vulnerum
774 1543 831 1583 non
844 1533 939 1601 potest
957 1525 1080 1600 perfecte
1093 1527 1201 1602 signifi·

111 1624 168 1682 cari
181 1623 238 1681 nisi
253 1642 304 1701 per
317 1622 524 1699 appositionem
538 1622 685 1687 medicinae
699 1623 733 1681 ad
747 1623 874 1682 diversas
895 1625 1042 1683 vulnerum
1057 1625 1166 1683 radices
1175 1620 1201 1682 :²

110 1733 139 1781 et
150 1721 216 1780 ideo
230 1723 326 1799 plures
337 1723 464 1781 actiones
478 1731 544 1780 sunt
553 1721 588 1779 de
602 1723 775 1798 perfectione
789 1723 873 1799 hujus
888 1723 1088 1782 sacramenti.”
1113 1723 1200 1783 Multi

113 1831 232 1880 censent
246 1840 309 1880 eam
323 1821 357 1878 ad
371 1823 524 1880 essentiam
544 1822 694 1898 pertinere.
737 1822 770 1878 si
784 1831 896 1899 tempus
911 1841 968 1881 non
991 1832 1123 1899 suppetat
1135 1823 1201 1882 ritui

111 1920 295 1998 perficiendo,
310 1921 403 1990 unica,
420 1922 555 1997 incapite
571 1923 737 1998 praesertim,
752 1923 855 1998 poterit
869 1922 930 1979 fieri
947 1918 1069 1990 unctio,³
1082 1923 1200 1981 vocibus

113 2021 169 2079 illis
184 2021 319 2097 prolatis:
337 2029 356 2056 ‘⁶
366 2019 423 2078 Per
432 2021 516 2078 istam
530 2030 655 2079 sanctam
669 2023 832 2080 unctionem
842 2020 986 2099 indulgeat
998 2021 1047 2079 tibi
1056 2021 1200 2080 Dominus

113 2118 254 2193 quidquid
266 2138 318 2196 per
330 2137 431 2178 sensus
440 2119 583 2193 deliquisti
593 2119 623 2188 ;”
638 2120 684 2178 vel
697 2121 865 2194 “quidquid
877 2120 1022 2194 deliquisti
1035 2121 1200 2197 pervisum,

111 2219 251 2286 auditum,
264 2218 425 2288 odoratum,
440 2230 556 2297 gustum
569 2229 598 2277 et
617 2221 754 2279 tactum.”
796 2220 942 2298 Deinceps
961 2222 986 2280 si
1009 2221 1202 2299 supervixerit

115 2318 320 2392 aliquantulum
346 2327 459 2387 unctus,
482 2319 585 2396 poterit
609 2320 679 2377 ritus
705 2321 758 2379 sub
790 2321 954 2380 conditione
987 2321 1095 2398 perfici,
1117 2321 1203 2398 juxta

114 2417 244 2476 ordinem
256 2426 432 2476 consuetum.
474 2418 520 2476 Ad
530 2420 683 2477 essentiam
696 2438 753 2478 non
768 2431 898 2477 censetur
910 2422 1036 2487 attinere,
1050 2430 1082 2478 ut
1094 2419 1202 2498 duplex

113 2535 215 2574 sensus
249 2533 396 2592 organum,
417 2533 454 2572 v:
478 2535 516 2592 g:
544 2524 660 2587 uterque
687 2517 787 2574 oculus
814 2525 953 2593 ungatur3
981 2527 1155 2593 quapropter
1172 2519 1198 2576 si

112 2616 243 2674 infirmus
256 2624 379 2687 nequeat
390 2615 472 2681 verti,
486 2615 532 2674 vel
553 2616 579 2673 si
593 2633 644 2691 pes
658 2614 727 2671 alter
739 2614 777 2672 sit
790 2615 952 2691 impeditus,
967 2616 1060 2672 omitti
1079 2617 1199 2691 poterit;

113 2716 244 2789 quamvis
264 2724 382 2788 utraque
402 2713 500 2772 unctio
522 2733 559 2771 ex
579 2725 721 2790 praecepto
746 2713 875 2770 socienda
900 2714 946 2772 sit.
989 2713 1083 2780 Oculi,
1105 2732 1198 2783 aures,

112 2832 207 2882 nares,
222 2833 265 2881 os,
279 2831 392 2881 manus,
408 2812 505 2890 pedes,
520 2825 548 2871 et
560 2831 643 2871 renes
664 2812 788 2889 ungendi
801 2822 868 2869 suut
885 2812 968 2888 juxta
981 2811 1079 2870 rituale
1094 2812 1201 2871 Roma·

112 2933 196 2973 num.
244 2913 387 2973 “Renum
414 2913 511 2971 unctio
537 2914 567 2970 in
593 2913 757 2970 mulieribus
787 2911 941 2969 honestatis
974 2911 1062 2987 gratia
1087 2930 1202 2988 semper

113 3013 261 3081 omittitur,
276 3023 360 3085 atque
386 3013 471 3070 etiarn
493 3013 521 3070 in
542 3012 620 3079 viris,
640 3011 753 3084 quando
773 3010 902 3067 infirmus
922 3010 1072 3068 commode
1091 3014 1201 3071 moveri

112 3132 171 3171 non
185 3120 295 3189 potest:
311 3111 363 3169 sed
382 3111 486 3170 sivein
506 3111 683 3179 mulieribus,
698 3111 758 3168 sive
778 3110 808 3167 iu
822 3109 900 3175 viris,
915 3109 969 3166 alia
991 3110 1117 3185 corporis
1134 3129 1201 3186 pars

112 3231 166 3290 pro
179 3212 296 3269 renibus
309 3211 379 3286 ungi
392 3229 448 3269 non
463 3209 579 3268 debet.”
614 3209 699 3287 Apud
713 3229 764 3267 nos
779 3227 877 3266 renum
891 3209 996 3276 unctio,
1011 3220 1069 3268 turn
1083 3210 1112 3268 in
1123 3211 1201 3281 viris,

112 3323 173 3369 tum
188 3311 218 3369 in
228 3311 406 3378 mulieribus,
415 3310 571 3368 omittitur:
586 3309 673 3385 pedes
685 3319 779 3367 tamen
788 3327 902 3384 semper
910 3318 1062 3385 unguntur,
1072 3311 1202 3383 quamvis

113 3429 173 3469 non
185 3410 292 3482 ubique
311 3419 447 3467 terrarum
462 3408 561 3466 eadem
576 3409 614 3467 sit
634 3404 836 3470 consuetudo.⁴
876 3408 1051 3468 Unctionunr
1072 3409 1201 3469 ordinem

114 3519 223 3567 ternere
237 3509 374 3568 invertere
389 3527 475 3586 grave
488 3507 560 3565 foret
578 3519 738 3585 peccatum,
753 3508 803 3566 sed
824 3510 992 3570 sacramenti
1007 3511 1130 3569 valorem
1143 3529 1202 3570 non

111 3609 232 3686 attingit.

154 3711 182 3765 6.
205 3707 238 3765 st
260 3707 324 3780 quis
344 3715 438 3764 careat
457 3706 550 3780 aliqua
563 3717 642 3782 parte
662 3707 788 3783 corporis
808 3703 950 3781 ungenda,
966 3713 1060 3780 “pars
1070 3706 1138 3769 loco
1159 3706 1201 3764 illi

110 3806 243 3882 proxima
255 3807 408 3883 inungatur
427 3806 526 3863 eadem
549 3807 697 3864 verborum
711 3796 839 3862 forma.’⁴
878 3803 911 3859 Si
932 3820 999 3859 aure
1021 3810 1123 3870 carent,
1136 3821 1201 3878 pars

111 3905 215 3983 capitis
238 3906 399 3982 propinqua
425 3905 589 3982 inungenda
609 3913 668 3962 est:
692 3904 725 3961 Si
746 3901 818 3978 pede
840 3900 886 3958 vel
905 3899 1031 3967 brachio,
1054 3918 1128 3977 genu
1154 3899 1201 3958 vel

248 4084 291 4149 (1)
311 4082 337 4130 S.
349 4082 424 4146 Alph.
435 4083 451 4131 1.
463 4083 494 4131 vi,
505 4099 530 4132 n.
543 4085 600 4131 ιιι.
667 4110 675 4121 ·

249 4169 293 4233 (2)
312 4167 340 4215 S,
351 4167 441 4216 Thom.
454 4167 531 4231 Supp.
542 4167 576 4216 iii.
589 4182 613 4230 p.
624 4180 665 4228 qu·
676 4163 745 4212 xxix.
757 4167 800 4210 ert.
810 4160 836 4210 ii.
870 4159 944 4225 Recp.

250 4254 293 4318 (3)
312 4251 376 4300 Vide
388 4251 513 4307 Benedict.
521 4252 591 4306 XIV,
602 4251 632 4302 de
643 4247 736 4318 synodo
747 4247 840 4304 diceas·
852 4246 867 4299 1.
879 4244 919 4301 vii.
931 4260 952 4295 c.
963 4243 1030 4296 xviii.
1041 4259 1067 4300 u·
1078 4247 1102 4300 ὅ.

250 4338 293 4403 (4)
312 4335 412 4397 Ibidem,
423 4352 448 4392 n.
462 4339 484 4386 1.
