2640 4860
113 363 170 421 tat
456 345 513 408 DE
536 345 848 410 CONTRI'I'IONE.

110 522 213 595 aliquis
227 519 283 579 hoc
295 514 383 577 modo
396 515 484 575 scrtm
495 515 655 575 secundum
668 514 801 575 affectum
823 515 854 574 in
867 512 964 576 Deum
978 523 1008 574 et
1019 534 1066 575 res
1079 515 1187 586 divium,

110 618 290 692 utquicquid
303 617 358 675 sihi
378 624 540 675 ooouneret
552 614 630 688 quod
642 632 708 673 eum
731 615 766 673 ab
786 614 842 673 hoc
862 624 943 674 motu
963 615 1128 685 retardaret,
1147 617 1191 675 die

111 718 231 796 pliceret
243 718 283 784 ei,
295 726 325 776 et
338 714 446 774 doleret
467 732 499 771 se
512 714 574 772 haec
587 714 794 781 commississe,
808 715 893 772 etiarn
906 715 932 772 si
951 723 1018 773 actu
1031 712 1067 772 de
1079 715 1131 775 illo
1143 733 1190 775 uon

110 812 296 894 cogitaret”¹
330 814 389 873 Sed
410 813 470 871 fieri
485 822 581 889 potest
599 822 632 872 ut
643 813 708 886 quis
722 811 900 886 quarundam
919 813 1071 889 culparum
1092 816 1192 874 veniam

111 915 235 975 dolendo
254 916 395 992 impetret,
408 912 478 986 quin
496 930 598 971 omues
618 911 645 970 ei
670 913 856 981 remittantur,
879 928 969 985 quum
996 913 1092 989 possit
1113 913 1192 990 magis

112 1017 246 1075 minusve
259 1022 392 1090 acceptus
403 1010 469 1070 Deo
482 1029 556 1069 esse.

155 1119 203 1173 18.
225 1114 346 1181 Quoties
368 1111 434 1185 quis
453 1110 562 1168 accedit
586 1109 622 1168 ad
647 1110 856 1169 ahsolutionem
879 1109 1090 1187 impetrandam
1110 1111 1195 1170 renia-

110 1216 181 1274 lium
209 1224 316 1271 tautum
338 1210 503 1269 delictorum
525 1228 602 1278 reus,
623 1208 708 1267 dehet
728 1209 765 1268 de
785 1228 843 1268 uno
863 1210 965 1269 saltem
986 1209 1095 1280 dolere,
1116 1220 1148 1268 ut
1168 1209 1197 1267 sit

111 1314 191 1373 locus
205 1312 295 1371 venire
309 1306 507 1386 indulgendae:
529 1326 612 1368 secus
625 1309 729 1366 frustra
741 1309 920 1386 proferentur
938 1309 1095 1369 sacerdotis
1108 1309 1195 1376 verba,

111 1424 140 1470 et
160 1413 263 1490 injuria
275 1409 379 1488 gravis,
393 1409 434 1466 uti
445 1406 573 1483 plerique
593 1417 721 1477 censent,
736 1408 785 1466 fiet
798 1406 926 1475 Christo,
941 1410 1027 1486 cujus
1045 1410 1196 1469 institutum

112 1512 222 1571 nullum
239 1510 271 1567 tit
291 1518 320 1567 et
332 1509 435 1566 inane:
457 1523 515 1565 nou
535 1508 612 1566 euim
631 1506 779 1566 dimittitur
799 1516 948 1584 peccatum
969 1509 1028 1567 nisi
1049 1508 1197 1585 poeuiteuti.

112 1608 256 1669 Ceterum
264 1626 336 1684 opus
346 1625 404 1666 non
412 1616 466 1673 est,
475 1607 561 1684 juxta
569 1607 731 1684 plerosque,
740 1616 771 1665 ut
783 1607 896 1684 singula
904 1616 1023 1684 peccata
1032 1606 1109 1667 levia
1118 1607 1198 1667 detes

113 1719 197 1775 tetur,
211 1725 278 1766 nam
291 1725 381 1765 unum
403 1707 511 1780 absque
525 1707 612 1765 altero
625 1706 730 1765 remitti
744 1715 847 1783 potest,
861 1724 949 1779 quum
962 1706 1089 1766 charitas
1101 1727 1136 1766 ea
1147 1725 1197 1767 non

114 1807 279 1867 necessario
304 1805 447 1865 excludat.
492 1804 538 1864 De
568 1805 748 1865 multitudiue
774 1815 802 1864 et
826 1805 986 1879 frequentia
1018 1816 1196 1884 peccatomn

113 1907 268 1967 venialium
282 1907 386 1983 poterit
398 1907 483 1965 etiam
494 1907 559 1978 quis
572 1904 678 1973 dolere,
692 1923 782 1978 eaque
796 1905 950 1964 minuenda
970 1924 1146 1984 proponere,
1160 1904 1196 1963 rel

114 2009 246 2085 graviora
258 2015 286 2064 et
300 2007 390 2083 magis
410 2005 567 2064 voluntaria
579 2005 677 2063 vitare.
720 2004 920 2064 “Paenitentia
932 2004 968 2062 de
988 2007 1120 2082 peccatis
1132 2023 1198 2065 mor·

114 2105 248 2173 talibus,”
263 2104 357 2176 inquit
369 2103 401 2160 S.
414 2102 555 2171 Thomas,
572 2104 718 2176 “reanrit
730 2103 902 2177 quodhomo
910 2115 1055 2181 proponat
1065 2105 1198 2165 abstinere

113 2203 148 2259 ab
167 2202 301 2262 omnihus
321 2209 350 2258 et
368 2200 506 2278 siugulis3
527 2199 578 2258 sed
599 2201 635 2260 ad
656 2203 852 2278 poenitentiam
878 2203 1035 2264 venialium
1057 2205 1199 2278 requiritur

114 2299 191 2373 quod
204 2300 291 2358 horno
311 2306 452 2375 proponat
464 2299 605 2359 abstinere
625 2320 642 2358 a
661 2301 792 2378 siugulis,
807 2320 866 2362 non
880 2311 976 2361 tamen
997 2304 1032 2362 ab
1057 2304 1196 2369 omuibus,

114 2399 181 2473 quia
194 2398 250 2457 hoc
263 2397 412 2456 iufirmitas
425 2396 512 2475 hujus
525 2399 590 2457 vite
602 2418 662 2458 uon
676 2401 794 2476 patitur:
816 2401 900 2460 debet
913 2411 1009 2462 nmen
1020 2401 1128 2462 habero
1141 2419 1198 2481 pro·

114 2498 240 2575 positum
253 2515 284 2554 se
293 2497 471 2574 praeparandi
487 2497 522 2555 ad
534 2499 654 2557 venialia
665 2495 868 2558 minuenda.”²

156 2602 204 2657 ltt.
219 2596 363 2656 Contritio
373 2598 576 2657 necessariaad
587 2599 735 2657 veniamet
738 2600 878 2676 justitiam
887 2601 916 2658 in
926 2612 1105 2662 sacramento
1115 2602 1199 2680 poeui·

113 2699 206 2757 tentiae
227 2695 443 2775 impetrandam,
455 2697 538 2756 debet
551 2716 615 2756 esse
623 2695 783 2778 formalia,
797 2699 928 2768 interno,
950 2700 1199 2779 eupernotnrolie,

112 2796 308 2865 universalia,
335 2796 438 2874 efficax
463 2803 491 2855 et
516 2815 646 2857 summo.
686 2797 841 2858 Formoh'e
867 2799 998 2859 contritio
1023 2810 1069 2859 eet
1093 2801 1199 2879 peccati

114 2894 276 2966 detestatio,
304 2880 375 2970 quae¹
395 2906 458 2955 actu
490 2895 611 2965 elicitur,
638 2897 733 2956 auimo
759 2897 829 2956 illud
856 2908 1023 2957 aversante:
1058 2898 1198 2960 virtualis

113 2998 245 3056 contritio
267 2997 297 3055 in
319 2995 452 3054 charitate
469 2998 632 3055 necessario
653 2996 814 3064 includitur,
837 3015 891 3055 uec
912 2999 990 3057 enim
1012 3000 1079 3072 quis
1101 3000 1200 3077 poterit

112 3095 209 3155 Deum
222 3113 288 3154 vere
302 3094 430 3172 diligere,
445 3097 514 3169 quin
527 3104 676 3173 peccatum
690 3095 756 3155 odio
769 3095 879 3154 habeat.
922 3097 971 3155 Sic
981 3107 1011 3156 et
1023 3101 1199 3176 propositum

112 3212 171 3253 non
197 3190 335 3271 peccandi
360 3195 391 3251 in
417 3193 552 3252 charitate
578 3194 746 3254 includitur:
780 3195 831 3253 sed
854 3197 903 3269 qui
928 3195 964 3254 ad
989 3206 1198 3258 sacramentum

112 3291 228 3359 accedit,
247 3290 329 3349 debet
351 3289 421 3349 illud
443 3292 558 3360 elicere,
579 3294 653 3351 sicut
672 3302 700 3353 et
720 3303 868 3370 peccatum
890 3294 1033 3354 detestari.
1076 3297 1200 3357 Internn

110 3391 242 3447 contritio
261 3389 380 3446 omuino
394 3398 446 3458 cst,
461 3391 548 3448 animi
568 3393 675 3469 quippe
695 3402 741 3450 est
759 3393 849 3464 dolor,
864 3393 991 3453 hortante
1011 3398 1155 3474 propheta
1172 3404 1201 3454 ut

112 3485 200 3545 corda
213 3506 269 3564 prae
283 3487 408 3546 vestibus
428 3488 594 3548 scindamus
614 3492 797 3567 poenitendo:
821 3502 840 3531 ‘⁴
852 3492 979 3552 Scindite
998 3495 1198 3562 cordavestra,

111 3594 139 3645 et
166 3605 224 3646 nou
256 3586 427 3646 vestimenta
455 3585 607 3646 vestrar’'³
641 3591 852 3651 “Sacrificium
884 3592 969 3652 Deo'’
1004 3596 1044 3653 ait
1076 3596 1198 3661 Psaltes,

112 3688 264 3766 “Spiritus
278 3683 527 3746 contribulatus.'’⁴
570 3687 820 3768 Superncturalia
834 3691 919 3751 debet
930 3710 995 3751 esse
1008 3696 1152 3763 contritio,
1163 3711 1199 3752 ex

111 3786 235 3864 Spiritus
244 3786 341 3846 Sancti
354 3786 539 3865 inspiratione
550 3798 697 3866 concepta,
709 3791 746 3848 ch
756 3793 879 3850 rationes
889 3791 944 3849 tide
953 3792 1164 3852 innotescentes
1175 3783 1199 3850 :⁵

111 3905 166 3945 nec
191 3890 268 3949 enim
296 3888 419 3966 ignoscit
441 3888 522 3947 Deus
548 3890 690 3966 peccatori
711 3889 819 3949 dolenti
844 3891 1007 3950 humanitus
1033 3894 1070 3952 ob
1090 3893 1197 3952 incom-

110 3987 196 4046 moda
216 3998 244 4047 et
268 3988 342 4048 mala
362 4007 426 4063 que
448 3989 502 4048 sibi
522 3997 695 4058 evenerunt3
724 3988 807 4049 facile
826 3999 920 4050 autem
942 3991 1082 4070 contingit
1104 4000 1136 4051 ut
1157 4006 1193 4050 ex

145 4145 187 4211 (l)
207 4147 240 4196 iii.
252 4163 276 4212 p.
288 4163 329 4212 qu.
340 4149 442 4201 lxxxvii.
455 4153 526 4203 arti.
562 4152 636 4220 Reap.

147 4227 189 4293 (2)
208 4229 308 4290 Ibidem,
320 4231 351 4282 m
364 4236 386 4282 1.
690 4237 732 4302 (a)
752 4236 813 4286 ron.
824 4236 849 4287 rr.
863 4239 901 4286 re.

146 4313 188 4378 (4)
208 4313 331 4367 Pet-1⁹·
691 4321 734 4387 (a)
754 4321 817 4372 vtae
829 4321 1180 4375 concurrentum
