2640 4860
230 352 233 357 ¹
260 364 318 426 DE
338 363 451 427 Loco
471 364 518 426 IN
539 364 626 434 Quo
646 364 945 430 CELEBRETUR.
1086 377 1143 435 107

43 532 124 601 imo,
134 533 220 610 juxta
231 531 383 609 plurimos,
397 533 512 591 infantis
532 533 581 606 qui
598 534 705 606 absque
717 535 860 612 baptismo
883 534 1022 595 decessit:
1045 540 1144 613 aliqui·

43 631 106 690 bus
127 632 308 711 negantibus,
330 639 351 668 ‘⁴
360 632 490 704 quamvis
515 650 617 690 omnes
636 633 776 692 fateantur
797 652 862 692 esse
883 636 1003 694 mortale
1023 638 1088 696 illos
1101 639 1142 698 ibi

46 731 187 809 sepelire,
202 740 232 789 et
243 731 311 790 inde
324 729 462 790 cadavera
474 730 531 799 illa,
545 732 569 788 si
583 733 705 808 possint,
716 733 890 792 extrahenda
902 735 1018 813 esse.”·²
1057 738 1142 814 Apud

48 847 108 889 nos
123 848 209 890 nemo
226 831 257 890 in
279 829 410 897 ecclesiis
431 830 577 908 sepelitur,
601 840 703 908 preter
721 832 894 901 sacerdotes,
917 835 969 907 qui
990 836 1143 909 aliquando

49 930 232 1007 sepeliuntur
244 948 334 1007 prope
354 929 456 988 altare:
478 927 530 987 sed
550 931 603 988 snb
624 930 702 989 altari
722 950 808 990 nemo
819 933 939 993 omnino
959 935 1142 1012 sepeliendus

52 1037 110 1098 est,
125 1048 215 1103 quum
227 1029 357 1103 reliquiis
379 1038 542 1088 sanctorum
557 1028 605 1089 ille
618 1039 745 1089 servetur
757 1030 860 1091 honor.
904 1032 966 1090 “Si
979 1035 1032 1093 sub
1052 1035 1141 1104 altari,

52 1129 101 1187 vel
115 1130 168 1188 suh
182 1130 245 1206 ejus
268 1127 402 1207 gradibus
415 1126 531 1187 humata
552 1130 609 1190 sint
630 1129 826 1189 defunctorum
849 1131 994 1201 cadavera,
1018 1151 1076 1192 non
1099 1144 1144 1193 est

53 1226 114 1286 illic
127 1227 296 1287 celebranda
317 1228 421 1295 Missa,
436 1228 528 1287 donec
541 1228 597 1288 alio
611 1222 862 1288 hansseranturssss
902 1230 1024 1290 “Notat
1047 1241 1144 1291 tamen

52 1323 156 1385 Groix.
171 1327 191 1386 l.
206 1327 259 1387 VI.
274 1347 304 1405 p.
318 1333 348 1386 2.
363 1347 392 1386 n.
407 1331 498 1388 2067.
520 1327 596 1400 qnod
609 1329 635 1386 si
648 1328 786 1387 cadavera
805 1329 862 1388 sint
874 1330 991 1389 humata
1003 1330 1142 1408 profunde

53 1425 85 1483 in
97 1425 171 1485 cella
190 1426 296 1500 aliqua,
319 1429 372 1487 sub
393 1427 450 1486 alto
469 1428 577 1486 fornice
599 1437 769 1496 constructa,
792 1447 851 1487 non
871 1429 982 1488 videtur
1001 1430 1145 1507 prohiberi

55 1541 142 1601 super
154 1525 234 1586 illam
248 1527 306 1586 dici
316 1527 449 1596 Missam,
465 1538 531 1585 tunc
545 1527 620 1584 enim
635 1527 772 1585 cadavera
788 1528 919 1587 videntur
931 1530 1000 1587 satis
1014 1538 1144 1607 separata

55 1623 90 1682 ab
103 1619 235 1684 altari.”³
266 1627 299 1685 Si
313 1626 475 1685 coemeteria
487 1628 572 1685 etiam
587 1627 716 1684 ecclesiis
730 1626 886 1704 adjacentia
897 1629 1070 1705 polluantur,
1084 1646 1144 1689 non

55 1723 120 1783 ideo
133 1725 243 1802 polluta
255 1724 375 1785 habetur
397 1726 526 1784 ecclesia.
569 1725 601 1783 Si
617 1726 738 1784 ecclesia
751 1745 767 1783 e
781 1736 878 1784 contra
891 1727 962 1786 sorte
976 1728 1070 1801 aliqua
1083 1728 1146 1807 pol·

55 1822 114 1882 luta
137 1824 234 1892 fuerit,
268 1826 462 1883 coemeterium
495 1824 635 1902 pollutum
650 1834 792 1893 censetur,
826 1826 891 1898 quia
924 1829 1144 1886 “accessorium

56 1931 184 1983 naturam
197 1925 281 1998 sequi
294 1925 424 2001 congruit
436 1917 651 2002 principalis.”⁴

94 2026 144 2080 90.
168 2005 345 2082 Ooemeteria*
354 2023 519 2100 polluuntur
541 2021 649 2081 eisdem
669 2023 826 2081 rationibus
849 2022 952 2095 quibus
972 2022 1145 2091 ecclesiast

56 2122 175 2181 mortale
188 2122 306 2181 habetur
315 2132 463 2200 peccatum
476 2124 555 2180 iniis
565 2123 630 2200 jam
638 2123 754 2199 pollutis
767 2121 888 2198 sepelire
899 2131 1027 2181 mortuos
1036 2123 1144 2196 absque

57 2223 163 2296 praevio
176 2222 416 2281 reconciliationis
436 2222 500 2281 ritu.
542 2222 574 2279 Si
588 2222 708 2279 infantes
722 2220 797 2280 haud
812 2221 945 2299 baptizati
958 2223 1142 2299 sepeliantur,

58 2320 211 2396 optandum
237 2340 287 2381 eos
309 2320 376 2380 inde
402 2321 522 2389 extrahi,
549 2329 580 2379 ut
604 2321 670 2380 alibi
697 2323 880 2398 sepeliantur,
908 2322 959 2380 sed
985 2341 1074 2395 quum
1099 2341 1145 2381 res

59 2422 156 2494 paucis
170 2421 339 2499 plerumque
353 2421 520 2489 innotescat,
543 2421 592 2478 vix
614 2422 808 2479 caemeterium
829 2421 1004 2480 censendum
1018 2423 1073 2480 erit
1085 2423 1146 2498 pol·

59 2519 166 2588 lutum;
186 2539 253 2580 nam
268 2539 354 2579 causa
375 2521 485 2578 notoria
505 2538 567 2592 quae
589 2519 666 2577 nulla
686 2519 917 2596 tergiversatione
931 2521 1016 2579 celari
1030 2522 1143 2597 poterit,

59 2621 207 2692 requiritur
225 2628 257 2678 ut
268 2620 329 2678 haec
342 2618 490 2678 inducatur
501 2618 590 2677 labes.

95 2722 145 2777 91.
166 2719 302 2778 Ecclesia
320 2719 429 2796 polluta
449 2737 507 2777 non
521 2718 650 2784 habetur,
671 2718 696 2775 si
716 2715 832 2791 sanguis
854 2733 990 2773 semensa
1012 2716 1145 2774 fundatur
1232 2736 1241 2755 ¹

61 2835 140 2894 supra
154 2820 219 2897 ejus
240 2819 378 2878 fornicem
399 2818 446 2876 vel
465 2826 580 2886 metum,
600 2817 645 2874 vel
660 2816 689 2874 in
702 2815 821 2873 cameris
835 2814 948 2883 vicinis,
963 2815 1009 2873 vel
1022 2816 1051 2873 in
1064 2817 1143 2884 turri,

61 2917 100 2974 vel
111 2919 143 2976 in
157 2919 341 2977 subterraneo
362 2936 461 2994 specu,
480 2906 556 2990 quod
580 2915 773 2973 coemeterium
788 2933 844 2972 non
860 2914 905 2982 sit,
920 2914 965 2971 vel
986 2913 1144 2973 secundum

62 3015 161 3075 multos
175 3018 206 3074 in
219 3017 354 3075 sacristia.
397 3016 478 3075 Idem
499 3013 652 3075 dicendum
677 3012 787 3071 videtur
800 3014 825 3071 si
839 3013 984 3090 contingat
997 3016 1026 3072 in
1040 3014 1145 3072 sacello

61 3114 193 3184 inferiori,
217 3114 293 3188 quod
316 3114 391 3192 apud
411 3134 464 3173 nos
478 3115 582 3173 alicubi
595 3114 732 3171 habetur:
753 3119 876 3170 attamen
890 3111 959 3170 dicit
973 3115 1095 3173 Antoine
1110 3113 1145 3171 de

62 3214 183 3289 capellis,
206 3215 322 3287 siquid
348 3214 376 3272 in
398 3215 433 3273 iis
457 3216 610 3292 contingat,
631 3213 769 3290 pollutam
791 3211 953 3270 habendam
974 3213 1142 3272 ecclesiam:

62 3315 153 3385 “quia
166 3323 233 3373 sunt
245 3323 339 3390 partes
352 3313 491 3380 ecclesiae,
506 3323 534 3371 et
547 3312 582 3371 ad
595 3313 766 3371 sacrificium
780 3311 928 3373 destinare
940 3310 1057 3372 sunt.”⁵
1078 3313 1145 3372 Hoc

62 3407 91 3466 de
102 3413 217 3471 sacellis
231 3413 302 3471 intra
315 3411 443 3470 ecclesiae
457 3412 593 3470 ambitum
607 3411 719 3469 videtur
731 3411 960 3488 intelligendum.

96 3514 146 3569 92.
168 3510 304 3569 Ecclesia
317 3521 492 3579 consecrata,
514 3512 538 3568 si
552 3510 661 3588 polluta
675 3509 811 3589 deinceps
826 3512 920 3580 fucrit,
934 3512 1146 3571 reconcilianda

66 3617 103 3665 est
114 3610 149 3667 ab
162 3610 312 3687 episcopo,
327 3611 381 3668 ritu
395 3610 425 3668 in
438 3610 595 3688 pontificali
608 3611 775 3687 praescripto
785 3604 810 3668 :⁶
829 3610 854 3667 si
876 3609 1024 3669 benedicta
1037 3620 1145 3668 tanturn

64 3704 149 3776 luerit,
164 3717 250 3786 prout
271 3707 347 3787 apud
365 3726 418 3767 nos
432 3709 491 3767 sere
505 3727 618 3786 semper
638 3708 680 3776 fit,
702 3709 843 3767 sacerdoti
864 3717 958 3785 potest
978 3707 1145 3765 reconcilia-

65 3804 143 3865 tionis
155 3826 262 3866 munus
275 3808 424 3866 committi.

96 3909 145 3964 113.
165 3904 303 3966 Ecclesia
312 3916 460 3965 exsecrata
473 3906 601 3974 habetur,
615 3906 640 3962 si
650 3905 772 3982 parietes
783 3903 884 3979 majori
897 3920 935 3959 ex
947 3908 1026 3978 parte
1039 3898 1147 3958 destru-

97 4149 137 4214 (l)
155 4147 265 4199 Antoine
275 4148 306 4198 de
316 4148 398 4199 Euch.
409 4165 430 4198 c.
441 4149 476 4198 iii.
488 4164 530 4212 qu.
539 4146 579 4196 vii.
591 4163 616 4197 n.
629 4149 652 4195 5.
723 4145 766 4209 (2)
785 4141 857 4193 Decr.
869 4140 937 4190 8.(1.
952 4144 983 4192 10
995 4141 1061 4193 Nou.
1075 4144 1148 4193 1599.

97 4234 138 4300 (3)
157 4232 443 4297 8.Α1ρ11.1ιί.ιι.369.
722 4229 764 4296 (4)
784 4228 843 4289 Reg.
856 4226 1052 4292 xliijurisind.

99 4319 138 4385 (5)
157 4317 239 4368 Trsct.
250 4318 280 4368 de
288 4318 369 4369 Euch.
377 4336 398 4369 c.
409 4319 443 4369 iii.
452 4335 493 4385 qu.
503 4318 543 4368 vii.
553 4334 579 4368 n.
592 4320 616 4368 5.
720 4316 762 4382 (6)
783 4312 844 4377 Cep.
855 4312 890 4363 ix.
901 4313 932 4362 de
943 4329 1050 4365 consecr.
1061 4312 1130 4364 Eccl.
