2640 4860
452 364 509 424 DE
530 364 839 425 ABSOLUTIONE.
1130 373 1189 428 als

103 551 169 592 cum
189 531 341 609 mancipiis
362 531 514 609 agendum,
529 549 592 605 qua
612 550 677 590 cum
696 531 774 591 heris
795 532 841 590 vel
866 549 965 591 eorum
985 532 1053 591 filiis
1073 552 1191 611 peccare

101 641 325 692 consueverunt.
359 632 392 691 ln
407 631 506 690 mortis
520 631 635 688 articulo
648 631 803 690 absolvitur
815 632 1025 708 poenitens,qui
1038 634 1192 693 nonhabet

101 742 229 810 tempus,
243 732 290 789 vel
307 730 435 799 modum,
449 730 613 807 expellendi
633 731 771 800 amicam3
793 750 856 804 qua
878 738 983 797 tamen,
997 734 1022 790 si
1036 733 1096 792 ullo
1109 744 1192 809 pacto

97 831 165 889 fieri
180 840 289 907 posset,
304 830 375 888 foret
387 831 421 888 ab
435 831 497 906 ejus
511 837 625 905 aspectu
639 829 805 888 amovenda.
846 827 1035 889 Occasionem
1049 831 1192 891 moraliter

96 929 307 998 necessariam,
316 948 389 1002 quae,
403 928 521 998 scilicet,
533 927 621 986 adsui
631 931 864 987 sustentationem
879 929 1037 1001 requiritur,
1048 932 1092 989 vel
1100 931 1192 988 deseri

92 1030 203 1103 nequit
217 1029 323 1101 absque
336 1029 506 1105 gravissimo
519 1028 610 1095 lamae,
625 1027 753 1096 honoris,
764 1028 809 1085 vel
822 1046 915 1086 rerum
930 1026 1091 1104 dispendio,
1105 1048 1192 1088 nemo

93 1127 236 1186 deserere
249 1129 367 1205 cogitur,
382 1128 438 1184 nisi
457 1136 523 1203 post
542 1125 666 1184 adhibita
678 1127 767 1185 semel
780 1128 916 1185 iterumve
936 1127 1070 1196 remedia,
1085 1129 1193 1200 absque

92 1227 181 1286 felici
196 1245 342 1284 successu.
385 1225 526 1284 Caterum
540 1225 709 1301 plerumque
722 1235 844 1303 oportet,
859 1226 1015 1302 praesertim
1029 1225 1143 1299 quando
1155 1225 1191 1284 de

93 1327 174 1385 vitio
188 1327 265 1403 turpi
279 1327 378 1402 agitur,
390 1325 599 1383 absolutionem
613 1324 736 1394 differre,
750 1334 781 1383 ut
792 1324 917 1384 remedia
930 1343 1029 1402 reapse
1040 1326 1192 1385 adhibean-

93 1434 158 1494 tur,
183 1423 422 1498 quandocumque
443 1425 471 1483 id
494 1423 645 1483 commode
666 1425 728 1482 fieri
750 1426 857 1501 possit:
885 1442 971 1497 quarn
995 1426 1132 1484 rationem
1159 1443 1192 1482 se

92 1542 220 1601 semper
228 1541 361 1587 ,servasse
376 1524 408 1582 S.
423 1524 590 1600 Alphonsus
610 1532 735 1581 testatur.
770 1522 914 1582 “Censeo
926 1523 1014 1591 euim,
1028 1524 1106 1597 quod
1127 1542 1193 1582 con-

92 1623 241 1681 fessarius
259 1631 401 1696 tamquam
414 1623 543 1681 medicus
570 1631 679 1680 tenetur
703 1632 798 1698 aptare
818 1641 871 1681 suo
897 1623 1044 1698 paenitenti
1067 1621 1194 1683 remedia

92 1730 278 1798 opportuna,
291 1731 324 1779 ut
336 1722 383 1779 ille
396 1741 476 1780 suam
490 1722 574 1779 faciat
593 1722 731 1789 salutcm;
752 1741 872 1795 reorque
886 1721 995 1780 nullum
1011 1723 1085 1781 aliud
1100 1723 1192 1798 aptius

92 1821 264 1880 antidotum
278 1821 431 1879 ministrari
450 1839 536 1898 posse
550 1821 586 1888 ei,
602 1821 651 1893 qui
673 1830 715 1878 est
734 1821 763 1877 in
782 1822 930 1879 occasione
951 1823 1092 1896 proxima,
1107 1839 1193 1895 quam

93 1919 272 1979 dilationem
294 1920 499 1987 absolutionis;
522 1920 590 1977 dum
611 1920 788 1995 experientia
812 1919 905 1984 docet,
926 1919 1003 1991 quod
1022 1923 1192 1996 poenitentes

96 2030 259 2095 postquam
287 2019 405 2077 absoluti
425 2020 584 2086 discedunt,
599 2031 630 2076 ut
654 2018 808 2096 plurimum
831 2019 978 2095 negligunt
1003 2019 1099 2078 media
1124 2037 1194 2095 prae·

98 2120 215 2194 scripta
228 2117 370 2184 adhibere,
384 2120 467 2176 etsie
480 2119 613 2177 facillime
627 2117 764 2176 recidunt.
807 2117 883 2176 Cum
898 2135 914 2174 e
928 2136 1066 2176 converso
1080 2117 1194 2192 quando

99 2217 178 2293 ipsis
200 2216 341 2275 absolutio
365 2216 525 2293 denegatur,
549 2216 709 2292 vigilantius
734 2225 865 2293 satagunt
884 2216 1010 2274 remedia
1031 2219 1145 2291 exequi,
1167 2229 1195 2274 et

103 2317 309 2374 tentationibus
323 2316 471 2383 obsistere,
486 2315 603 2392 impulsi
617 2314 732 2387 quidem
747 2335 763 2372 a
777 2316 887 2382 timore,
901 2333 937 2372 ne
957 2335 1022 2374 cum
1036 2317 1071 2376 ad
1084 2316 1195 2375 confes·

102 2416 217 2473 sarium
229 2415 370 2482 redibunt,
385 2416 485 2472 iterum
499 2415 561 2472 sine
575 2414 751 2477 absolutione
774 2413 960 2473 dimittantur.
1002 2415 1042 2473 Et
1055 2435 1122 2474 casu
1137 2434 1194 2488 quo

104 2516 252 2591 poenitens
270 2515 347 2590 prius
362 2513 522 2571 admonitus
543 2515 577 2571 ab
597 2513 652 2571 alio
672 2513 847 2571 confessario
861 2512 956 2571 media
968 2517 1134 2590 praescripta
1145 2533 1195 2571 ne·

104 2614 241 2691 glexerit,
256 2613 284 2671 e't
296 2613 397 2672 eodem
411 2613 496 2671 modo
516 2613 600 2671 luerit
618 2612 758 2688 relapsus,
772 2610 836 2670 dico
856 2612 974 2670 omnino
996 2610 1194 2670 dimittendum

107 2731 175 2771 esse
189 2713 252 2770 sino
266 2713 453 2780 absolutione,
462 2713 518 2770 nisi
531 2711 602 2770 sorte
614 2710 834 2769 extraordinaria
844 2710 926 2786 signa
933 2709 1039 2768 doloris
1052 2710 1194 2768 exhibeat.

107 2812 150 2870 Et
162 2813 248 2870 etiam
262 2811 330 2870 huic
350 2811 443 2869 adhuc
456 2811 676 2869 extraordinaria
688 2811 906 2885 compunctione
926 2807 1041 2877 donato,
1055 2809 1195 2867 ordinarie

107 2909 264 2984 loquendo,
279 2910 482 2968 absolutionem
496 2910 676 2987 denegarem,
691 2908 804 2981 quando
818 2907 968 2967 commode
979 2909 1118 2966 absolutio
1131 2925 1196 2983 pos·

110 3020 153 3067 set
166 3008 284 3068 differri.
318 3009 452 3067 Fortasse
466 3009 551 3067 alicui
565 3010 627 3067 haec
647 3007 760 3067 tradens
773 3010 860 3066 nimis
873 3006 982 3084 rigidus
995 3007 1129 3066 videbor:
1144 3006 1197 3063 sed

109 3127 174 3186 ego,
189 3127 254 3166 cum
268 3108 435 3184 poenitentcs
448 3107 632 3167 offendissem
643 3107 808 3185 hujusmodi
815 3108 997 3166 occasionum
1006 3107 1115 3178 laqueis
1129 3106 1197 3164 irre·

111 3209 187 3276 titos,
202 3209 245 3265 sic
266 3226 381 3283 semper
394 3210 449 3284 egi,
465 3219 493 3265 et
512 3226 626 3285 semper
639 3227 737 3285 agam;
758 3207 812 3264 hac
826 3208 902 3265 enim
916 3208 963 3264 ria
982 3206 1118 3265 incedens
1139 3224 1197 3264 nou

111 3325 157 3364 me
170 3305 305 3383 rigidum,
320 3306 371 3364 sed
385 3308 509 3365 maxime
523 3327 590 3385 erga
603 3326 653 3365 eos
672 3308 827 3384 benignum
846 3325 908 3364 esse
928 3317 1007 3382 puto,
1022 3305 1198 3379 quandoqui-

113 3405 179 3464 dem
193 3407 273 3465 nullo
293 3407 347 3464 isto
362 3407 452 3482 aptior
463 3406 566 3465 modus
587 3406 657 3465 mihi
670 3405 789 3474 videtur,
803 3416 835 3465 ut
855 3407 911 3483 ipsi
932 3425 948 3462 a
967 3407 1103 3482 peccatis,
1116 3416 1145 3464 et
1164 3407 1199 3464 ab

114 3514 218 3562 aeterna
240 3505 420 3563 damnatione
439 3506 610 3581 eripiantur;
632 3515 660 3562 et
680 3524 696 3562 e
720 3507 860 3565 contrario
883 3504 1037 3575 crederem,
1065 3506 1151 3579 quod,
1172 3507 1199 3562 si

114 3602 238 3680 benigne
259 3603 370 3680 agendo
389 3604 596 3662 absolutionem
623 3622 709 3676 quarn
729 3616 829 3681 petunt
848 3605 889 3662 eis
916 3615 1090 3680 praestarem,
1114 3622 1199 3662 causa

114 3720 208 3761 essem
221 3712 253 3761 ut
265 3704 369 3761 misere
384 3704 412 3760 in
426 3703 501 3761 vitiis
511 3700 765 3762 marcescerent.''¹

153 3806 222 3860 191.
244 3803 302 3868 Qui
316 3803 411 3860 animo
428 3802 612 3861 contrahendi
632 3802 803 3860 matrimonii
823 3818 855 3857 se
875 3802 1010 3866 invisunt,
1024 3800 1107 3875 juxta
1120 3798 1198 3857 Ron-

116 3901 247 3978 cagliam,
261 3911 382 3978 possunt
401 3900 436 3959 ad
456 3900 649 3960 sacramentad
670 3901 776 3958 amitti:
798 3899 845 3957 cui
866 3908 960 3957 tamen
980 3896 1145 3955 contradicit
1165 3897 1197 3954 S.

117 3999 292 4076 Alphonsusq
305 3999 440 4079 hujusmo
453 4000 655 4060 diconsortium
668 3998 806 4076 peccandi
826 4015 889 4055 esse
909 3997 1088 4056 occasionem
1103 3996 1199 4070 proxi·

119 4116 191 4158 mam
202 4099 366 4159 declarans:
388 4108 471 4178 “ego
484 4099 660 4177 experientia
672 4098 772 4157 doctus
786 4098 835 4156 vix
854 4097 944 4156 semel
956 4096 1002 4155 vel
1022 4096 1123 4153 iterum
1136 4113 1199 4173 per·

557 4320 600 4386 (l)
619 4316 690 4368 Invi.
701 4319 795 4368 n.4ss.
