2640 4860
174 386 232 442 152
519 372 578 433 DE
599 367 911 432 coursssstottn.

172 546 208 606 lu
220 544 314 621 primo
326 538 415 617 gradu
433 539 517 598 linere
530 537 727 598 transversalis
740 536 867 596 ineesms
879 535 916 594 ab
928 534 994 594 aliia
1013 533 1151 612 gradibus
1168 536 1251 614 specie

173 643 285 715 ridetur
304 639 428 707 differre,
442 657 509 697 nam
523 638 607 697 frater
619 648 649 696 et
669 655 752 696 soror
770 646 878 695 naturai
897 634 1014 694 vinculo
1034 644 1113 692 arcte
1125 635 1252 712 ligantur:

173 741 226 802 sed
248 739 393 799 nonnullis
414 737 525 796 ridetur
543 736 672 814 ejusdem
692 736 813 813 speciei,
827 753 917 808 quum
937 734 1031 793 coitus
1051 735 1128 793 inter
1149 753 1255 793 consen

172 843 294 920 guineos
308 856 411 897 omnes
424 837 524 896 eadem
544 854 581 895 ex
594 854 682 894 causa
692 835 731 893 sit
744 836 858 903 retitrts,
872 851 977 911 nempe
997 844 1118 910 propter
1139 851 1256 892 reveren

173 941 243 1000 tiam
263 937 396 1013 sanguini
410 936 543 995 debitam.
584 934 648 994 “In
666 934 874 993 commixtione
894 950 1084 1009 personarum
1104 933 1258 1010 conjuncta·

173 1037 270 1106 rum,''
286 1037 418 1110 inquitS.
430 1036 571 1103 Thomas,
581 1043 601 1068 ‘⁶
610 1033 718 1106 aliquid
727 1032 859 1106 estquod
869 1031 1124 1091 estsecundnmse
1133 1032 1258 1090 indecens

173 1149 204 1196 et
216 1153 379 1213 repugnans
393 1135 512 1193 naturali
522 1134 635 1201 rationi,
645 1134 719 1191 sicut
728 1133 805 1206 quod
816 1132 987 1191 commixtio
996 1130 1131 1190 tiatinter
1139 1140 1260 1208 parentes

174 1248 206 1296 et
217 1236 303 1304 filios,
317 1252 437 1308 quorum
451 1243 495 1290 est
507 1251 603 1309 perse
616 1242 644 1289 et
656 1231 820 1291 immediata
832 1231 977 1308 coguatio,
991 1249 1059 1290 nam
1072 1230 1127 1289 filii
1139 1229 1260 1288 naturali·

177 1348 220 1395 ter
232 1335 371 1393 honorem
391 1332 681 1408 habentparentibus.
722 1331 795 1389 Alie
808 1329 876 1389 verb
896 1348 1110 1406 personaeque
1123 1347 1181 1388 nou
1200 1347 1260 1394 con·

172 1437 332 1513 junguntur
355 1431 515 1490 secundum
535 1431 657 1507 seipsas,
678 1429 730 1488 sed
756 1447 808 1507 per
827 1429 957 1489 ordinem
980 1428 1017 1487 ad
1043 1439 1188 1507 parentes,
1212 1447 1261 1486 non

176 1533 281 1592 habent
301 1533 340 1590 ita
352 1550 389 1589 ex
403 1531 508 1607 seipsis
530 1528 732 1598 indecentiam,
745 1528 797 1587 ced
816 1528 960 1588 variantur
978 1514 1056 1586 circla
1078 1527 1260 1587 indecentiam

177 1630 334 1691 secundum
348 1628 585 1688 consuetudinem
599 1638 628 1687 et
639 1629 733 1705 legem
746 1628 912 1696 humanam,
923 1626 970 1686 vel
984 1622 1165 1686 divinam.’'²
1183 1626 1261 1684 Juxta

178 1729 252 1788 hanc
278 1731 544 1803 sententiamque
571 1747 652 1802 aeque
669 1728 822 1805 probabilis
849 1727 881 1786 S.
906 1719 1217 1803 Alphouso-videtur,²
1233 1743 1260 1782 ao

179 1828 276 1896 altera,
291 1847 354 1902 qum
368 1829 520 1888 discrimen
534 1829 640 1894 statuit,
654 1827 796 1904 poenitens
809 1845 869 1885 non
882 1835 993 1884 tenetur
1005 1825 1139 1885 confiteri
1152 1824 1259 1902 gradun

179 1929 314 1997 incestus,
328 1940 422 1987 utrum
434 1929 544 1987 scilicet
556 1945 622 1986 curn
633 1945 741 1994 sorore,
753 1927 797 1984 rel
812 1926 984 1985 consobrina
993 1925 1192 1984 concubuerit.

418 2160 443 2234 §.
459 2159 497 2215 V.
539 2157 587 2216 Du
607 2175 758 2217 contectos
779 2177 1025 2217 nuurrnsriuno.

218 2346 268 2399 48.
290 2339 429 2399 Criminis
449 2342 545 2400 socius
559 2361 617 2400 uon
631 2350 676 2399 est
688 2342 718 2399 in
731 2343 913 2403 confessione
927 2343 1100 2420 aperiendus
1114 2364 1179 2403 oum
1196 2342 1265 2422 gravi

179 2441 241 2518 ejus
255 2441 381 2509 infamia,
396 2442 422 2499 si
436 2441 516 2499 aliter
530 2441 665 2501 delictum
679 2442 771 2500 valeat
783 2443 937 2502 declarari:
952 2461 1020 2500 nam
1034 2443 1157 2502 charitas
1171 2453 1199 2502 et
1212 2444 1265 2521 jus·

180 2542 241 2600 titia
254 2541 398 2618 postulant
414 2550 446 2600 ut
463 2541 545 2599 sarnae
559 2551 587 2600 et
606 2541 787 2601 estimationi
809 2561 922 2600 reorum
943 2543 1108 2601 consulatur
1133 2544 1216 2602 etiam
1240 2543 1266 2599 in

182 2661 264 2701 sacro
273 2641 414 2700 tribunali.
436 2640 506 2700 Ideo
517 2641 686 2713 quaerendus
694 2651 738 2699 est
745 2642 934 2701 confessarius
943 2643 990 2700 cni
1000 2641 1116 2718 ignotus
1126 2643 1163 2700 sit
1170 2641 1268 2708 socius,

182 2743 228 2800 vel
242 2740 399 2800 differenda
411 2751 455 2799 est
467 2741 620 2800 confessio.
652 2739 736 2806 Quod
750 2742 1064 2818 siurgeatpraeceptum
1072 2741 1221 2809 Ecclesiae,
1230 2739 1270 2796 vel

183 2843 341 2900 necessitas
348 2841 451 2914 aliqua,
461 2841 557 2899 licebit
566 2840 688 2917 juxtaS.
697 2839 729 2897 S.
740 2840 895 2908 Thomarn,
904 2849 932 2898 et
940 2839 1121 2899 Bemardum
1132 2851 1161 2899 et
1170 2840 1270 2898 theolo-

184 2960 237 3019 gos
251 2942 359 3018 plures,
373 2959 456 2998 suurn
474 2940 607 2998 delictum
623 2937 697 3013 quod
712 2939 741 2996 in
754 2940 867 2998 alterius
876 2938 998 2998 dedecus
1007 2938 1100 3007 cedat,
1115 2938 1271 3000 confitendo

184 3043 302 3118 aperire.
326 3041 387 3098 “Si
401 3040 526 3116 speciem
542 3041 650 3118 peccati
659 3040 820 3115 exprimere
833 3058 891 3098 non
906 3039 1008 3116 possit,
1019 3039 1077 3096 nisi
1087 3037 1272 3115 exprimendo

185 3158 336 3217 personam
351 3158 416 3197 curu
431 3158 488 3210 qua
501 3141 641 3215 peccavit,
657 3148 725 3215 puta
737 3139 762 3197 si
779 3158 845 3198 oum
865 3158 963 3197 sorore
980 3138 1145 3206 concubuit,
1159 3155 1274 3197 necesse

185 3248 239 3304 est,
250 3246 281 3295 ut
290 3236 479 3313 exprimendo
493 3240 601 3313 peccati
611 3238 748 3314 speciem,
758 3240 900 3317 exprimat
908 3228 1110 3315 personam.”³
1130 3237 1274 3312 Equidem

185 3335 314 3394 divinum
337 3345 512 3411 praeceptum
532 3336 685 3394 confitendi
705 3336 788 3396 debet
799 3338 951 3415 prevalere
972 3337 1057 3395 farnae
1080 3355 1208 3407 reorum,
1229 3336 1276 3410 qui

186 3432 333 3511 peccando
367 3435 393 3490 ei
419 3432 630 3504 quodammodo
659 3438 838 3495 renuntiasse
864 3436 1000 3495 censendi
1035 3446 1110 3504 suut,
1139 3447 1276 3509 quatenus

186 3541 291 3592 norunt
310 3531 464 3590 confitendi
489 3533 592 3610 legem.
635 3535 778 3594 Praeterea
799 3536 989 3596 confessarius
1010 3535 1179 3612 prohibetur
1201 3535 1278 3594 omni

186 3652 241 3692 usu
257 3632 373 3701 nolitia,
389 3632 439 3705 qui
463 3632 492 3690 in
514 3634 679 3710 poenitentis
700 3655 853 3712 gravamen
878 3645 984 3712 vergat,
999 3635 1045 3693 vel
1065 3635 1163 3693 odium
1191 3636 1281 3711 pariat

189 3743 377 3793 sacramento.
420 3733 532 3792 Ancilla
546 3735 629 3811 igitur
643 3735 783 3794 sacerdoti
802 3745 869 3794 nota
883 3734 1118 3794 consuetudinem
1138 3733 1279 3810 peccandi

191 3854 279 3908 quam
293 3834 377 3893 habet
389 3853 454 3893 cum
475 3834 545 3892 hero
558 3835 634 3893 licite
649 3836 747 3912 aperit,
762 3845 794 3894 ut
812 3854 871 3893 snae
892 3836 1022 3893 consulat
1041 3834 1142 3891 saluti:
1164 3853 1232 3893 nam
1255 3836 1280 3892 si

190 3936 371 3995 occasionem
382 3935 557 4010 proximam,
569 3935 597 3992 iu
609 3953 665 4007 qua
677 3945 814 4003 versatur,
824 3953 882 3992 non
894 3933 1026 4002 declaret,
1036 3932 1194 3991 remedium
1205 3933 1284 3992 adhi-

189 4031 250 4091 beri
264 4052 322 4093 non
333 4035 444 4112 poterit.
477 4035 583 4094 Mulier
596 4052 666 4107 quas
680 4033 795 4092 maritus
809 4042 924 4092 exercet
936 4043 1012 4092 artes
1018 4033 1141 4106 iniquas,
1157 4032 1282 4102 furandi,

290 4241 332 4304 (l)
353 4243 376 4286 2.
389 4243 413 4290 2.
422 4256 462 4303 qu.
474 4240 536 4289 ccliv
548 4249 590 4290 art.
599 4240 633 4290 ix.
645 4240 673 4289 ad
684 4243 708 4288 3.
935 4243 978 4308 (2)
999 4239 1029 4290 L.
1039 4240 1071 4289 vi.
1082 4255 1108 4289 n.
1119 4241 1178 4289 4⁷0.

517 4326 559 4389 (3)
579 4325 606 4372 s.
616 4325 705 4374 Thom.
720 4323 807 4388 Opusc
818 4325 860 4376 xii.
872 4341 914 4390 qu.
927 4326 965 4376 vii.
