2640 4860
111 383 172 441 sle
461 373 517 433 DE
539 372 850 433 ABSOLUTIONE.

109 546 248 605 mitterem
259 558 367 617 sponso
376 539 410 597 ad
424 539 541 599 domum
550 558 664 618 sponsa
678 538 812 598 accedere
824 557 832 607 ;
845 539 892 597 vel
905 557 1032 615 sponsos,
1042 545 1090 596 aut
1101 556 1183 615 paren·

112 645 196 709 tibus,
211 641 290 700 illum
305 641 335 698 in
348 638 435 697 domo
449 640 599 715 excipere:
614 657 678 698 raro
697 639 899 715 enim—reperi,
913 639 1008 710 quiin
1020 637 1068 695 tali
1087 655 1186 695 accemu

112 760 172 801 non
185 740 353 817 peccaverit,
365 740 464 797 saltem
481 740 572 796 verbis
586 748 633 796 aut
646 738 875 814 cogitationibus,
885 756 952 796 cum
961 744 1188 814 omnesaspectus

112 851 141 898 et
153 840 297 913 colloquia
315 839 388 895 inter
400 837 567 916 hujusmodi
580 856 702 913 sponsos
716 838 775 894 sint
793 838 938 895 incentiva
957 835 994 894 ad
1015 835 1190 913 peccandum,

112 948 141 998 et
154 937 296 997 moraliter
308 937 485 1012 impossibile
499 938 537 994 sit
549 937 628 1013 ipsos
643 937 766 993 invicem
779 945 907 1005 tractare,
921 946 951 995 et
963 935 1096 993 stimulos
1110 943 1193 1009 turpes

114 1058 172 1097 non
182 1039 286 1096 sentire
300 1036 335 1093 ad
349 1055 392 1104 ea,
404 1055 467 1108 quae
478 1044 605 1112 tempore
619 1035 745 1111 conjugii
759 1036 833 1093 inter
845 1053 877 1092 se
890 1035 985 1093 futura
994 1041 1088 1092 erunt.
1115 1033 1147 1090 ln
1156 1031 1196 1088 his

114 1147 208 1195 autem
222 1137 366 1202 omnibns,
379 1135 535 1212 prasertim
549 1135 595 1192 ubi
609 1135 732 1208 turpium
746 1133 880 1211 lapsuum
889 1133 1051 1210 periculum
1064 1132 1199 1197 imminet,

110 1236 240 1295 advertat
253 1234 368 1293 sedulus
382 1234 584 1301 confessarius,
598 1231 675 1305 quod
689 1251 835 1306 nunquam
847 1232 993 1291 crudelius
1004 1250 1036 1289 se
1050 1239 1128 1308 geret
1139 1248 1203 1288 cum

114 1337 269 1415 prenitente
283 1353 368 1406 quam
389 1334 540 1408 benignius
555 1331 675 1408 agendo,
690 1343 719 1390 et
731 1350 789 1404 quo
803 1334 939 1410 majorem
959 1331 1138 1389 severitatem
1158 1327 1206 1386 ad-

56 1413 63 1435 ’
114 1434 232 1501 bibebit,
248 1452 282 1490 eo
302 1432 403 1490 melius
426 1432 501 1489 illius
521 1432 604 1489 saluti
630 1431 769 1490 consulet.
803 1431 842 1489 D.
864 1432 998 1490 Thomas
1017 1449 1035 1487 a
1052 1429 1212 1487 Villanora

117 1533 203 1611 (Fer.
219 1536 247 1591 6.
261 1537 333 1610 post
344 1529 435 1589 Dom.
450 1535 479 1587 4.
498 1529 675 1607 Quadrag,)
687 1541 768 1588 vocat
781 1529 971 1589 confessarios
989 1529 1110 1604 “impie
1130 1529 1209 1604 pios,

117 1635 168 1706 qui
185 1650 222 1691 ne
236 1630 417 1688 confitentem
431 1631 607 1696 contristent,
622 1629 746 1687 illumin
760 1648 811 1687 sua
823 1630 952 1702 nequitia
964 1644 1082 1687 manere
1095 1626 1224 1703 permit⁶

117 1725 225 1790 tunt.'’¹
255 1729 327 1787 Haec
339 1730 468 1788 nonnulli
482 1728 556 1786 haud
570 1729 632 1786 sine
645 1729 738 1805 gentis
760 1729 873 1805 injuria,
889 1746 926 1785 ex
946 1725 1108 1803 depravatis
1122 1725 1214 1785 Italo-

118 1849 181 1889 rum
196 1829 321 1887 moribus
335 1826 432 1887 durius
446 1828 522 1886 dicta
536 1848 552 1884 a
565 1828 597 1884 S.
613 1827 765 1903 Alphonso
778 1837 915 1885 censent:
931 1825 983 1884 sed
1004 1824 1109 1882 melius
1124 1823 1230 1896 aqui*

117 1946 209 2002 usque
220 1927 383 2004 regionibus
398 1928 532 1986 omnibus
541 1928 695 1985 convenire
709 1935 869 1993 censentur,
880 1925 1038 1997 unicuique
1047 1925 1227 1982 enimcom*

117 2040 229 2105 pertum
255 2044 320 2083 esse
341 2026 433 2093 debet,
461 2028 496 2083 ab
516 2025 680 2101 hujusmodi
707 2026 859 2093 consortio,
886 2024 935 2082 diu
961 2024 1140 2090 continuato,
1159 2021 1234 2079 vir:

117 2128 217 2185 abesse
230 2126 359 2201 graviora
373 2134 499 2200 peccata.
542 2123 583 2181 Ut
596 2132 689 2180 autem
702 2143 765 2196 quae
779 2143 873 2182 mores
885 2123 977 2181 nostri
989 2130 1088 2180 vetant
1097 2123 1228 2198 penitus

118 2225 187 2292 tolli,
202 2232 338 2296 quantum
354 2223 507 2298 possimus,
521 2220 712 2289 moderemur,
727 2222 855 2294 quaedam
870 2221 1052 2280 enucleatius
1065 2221 1238 2299 explican‘

118 2323 153 2380 da
166 2321 310 2379 duximus.

159 2424 227 2478 192.
257 2419 315 2485 Qui
342 2439 373 2477 se
399 2429 498 2478 mutuo
522 2421 691 2490 invisentes,
714 2422 760 2480 vel
783 2422 868 2480 altera
896 2421 1013 2480 alterius
1034 2420 1229 2480 consortiunt

117 2519 280 2587 admittens,
295 2521 326 2579 in
339 2529 455 2596 peccata
468 2521 559 2577 carnis
574 2520 738 2592 frequentur
749 2522 890 2588 labuntur,
902 2521 949 2578 vel
958 2521 1064 2597 copula
1078 2519 1223 2597 perfecta,

118 2620 164 2679 vel
183 2620 327 2688 inchoata,
342 2620 387 2677 vel
408 2621 528 2678 tactibus
549 2621 731 2696 turpioribus,
753 2621 798 2678 vel
819 2620 891 2678 alibs
912 2639 978 2679 cum
1000 2621 1162 2696 pollutione
1181 2619 1225 2675 im

118 2739 160 2789 se,
183 2720 228 2777 vel
251 2720 281 2776 in
301 2720 442 2787 alterutra,
458 2738 636 2791 nequaquam
654 2729 773 2793 possunt
789 2720 908 2787 absolvi,
929 2717 1022 2777 donec
1035 2719 1218 2778 consortium

118 2817 284 2895 hujusmodi
299 2819 446 2885 deserant3
468 2827 599 2876 tenentur
612 2820 688 2875 enim
704 2819 788 2893 plane
802 2817 1008 2877 consuetudine
1022 2816 1172 2894 peccandi,
1185 2820 1223 2873 et

121 2919 149 2975 in
164 2919 298 2994 proxima
311 2929 339 2974 et
351 2919 509 2975 voluntaria
522 2919 672 2974 occasione
687 2927 843 2975 versantur.
884 2917 968 2984 Quod
984 2917 1009 2974 si
1024 2919 1213 2994 polliceantur

119 3018 292 3075 consortium
304 3016 373 3075 illud
381 3019 521 3093 privatum
533 3015 674 3083 deserere,
687 3026 715 3072 et
727 3017 841 3074 nonnisi
852 3017 962 3074 arbitris
976 3012 1167 3092 praesentibus
1180 3031 1211 3070 se

119 3127 217 3174 mutuo
230 3118 364 3182 invisere,
379 3116 426 3173 vel
446 3116 529 3174 aliam
545 3115 677 3173 adhibere
696 3115 833 3173 cautelam
848 3134 884 3173 ne
904 3126 1035 3191 peccent,
1052 3116 1158 3193 poterit
1170 3116 1207 3172 eis

118 3232 176 3272 una
195 3214 314 3271 alterave
328 3215 389 3270 vice
403 3214 497 3281 credi;
520 3215 569 3272 sed
584 3215 743 3273 relabentes
761 3214 882 3291 cogendi
894 3224 960 3272 sunt
973 3213 1007 3272 ad
1029 3216 1206 3273 occasionem

56 3369 57 3373 ,
118 3331 233 3387 prorsus
248 3311 443 3369 deserendam.
486 3313 623 3371 Parentes
638 3314 687 3387 qui
707 3323 811 3371 norunt
824 3333 874 3372 eos
895 3315 1020 3390 graviter
1039 3331 1169 3389 peccare,
1183 3320 1206 3369 et

120 3420 216 3467 tamen
231 3413 329 3468 sinunt
339 3420 370 3471 ut
383 3412 526 3469 consortio
541 3422 639 3471 mutuo
653 3414 792 3481 fruantur,
807 3423 873 3470 sunt
885 3415 990 3489 pariter
1003 3411 1116 3490 indigni
1131 3411 1206 3470 venia

120 3509 325 3567 sacramentali.

163 3612 229 3667 193.
252 3609 359 3685 Sponsi
374 3611 423 3681 qui
437 3610 466 3668 in
477 3610 586 3668 nullum
600 3613 712 3689 gravius
725 3622 873 3689 peccatum
887 3610 1027 3677 labuntur,
1037 3611 1090 3669 sed
1104 3610 1203 3675 oscula,

85 3754 88 3759 .
120 3727 255 3767 manuum
264 3709 474 3787 prensationem
488 3720 515 3767 et
528 3713 678 3787 amplexus
693 3712 814 3769 leviores
825 3708 922 3768 mutub
932 3709 1094 3785 excipiunt,
1104 3711 1202 3781 absque

119 3807 245 3867 libidinis
266 3819 356 3877 motu,
370 3807 502 3867 videntur
522 3828 607 3886 posse
627 3811 789 3868 excusaria
809 3817 925 3886 peccato
945 3809 1070 3876 mortali,
1085 3802 1203 3880 eoquod

120 3907 183 3964 haec
196 3909 345 3968 videantur
364 3909 433 3965 casti
454 3910 558 3966 amoris
578 3909 693 3976 indicia,
708 3910 757 3981 qui
777 3908 917 3967 fovendus
931 3916 1054 3966 estante
1067 3907 1203 3967 matrime

121 4009 211 4065 nium.
231 4066 234 4070 Α
253 4008 397 4067 Oaeterum
407 4009 431 4064 si
444 4008 564 4084 pollutio
578 4017 720 4082 sequatur,
732 4009 771 4064 uti
781 4008 864 4066 facile
876 4007 1015 4084 contingit
1024 4007 1054 4065 in
1065 4006 1201 4082 amplexu,

121 4105 167 4163 vel
180 4107 279 4166 osculo
298 4107 446 4175 diuturno;
468 4107 514 4165 vel
526 4108 552 4165 si
565 4106 637 4166 alias
655 4107 744 4166 libido
758 4108 792 4164 ab
805 4107 937 4168 alterutro
951 4105 1043 4165 sorori
1064 4112 1200 4167 noscatur,

493 4328 534 4392 (1)
554 4326 581 4375 s.
591 4327 667 4392 Alph.
678 4328 694 4376 1.
705 4327 737 4377 vi.
748 4343 773 4377 n.
784 4328 843 4377 452.
