2640 4860
315 383 372 443 DE
394 383 578 443 MUNERE
600 382 889 446 CONFEsstRss.
1089 395 1148 451 229

53 551 128 610 adiri
149 559 279 624 nequeat,
294 551 506 609 matrimonium
526 551 678 620 celebrare,
693 571 728 610 eo
749 552 825 625 quod
847 552 982 615 musto:
1000 570 1096 615 cesset
1118 560 1148 617 in

50 651 235 717 contrarium,
250 651 380 723 quamvis
394 651 423 709 iu
440 668 506 708 casn
522 652 694 726 particulari,
709 628 987 713 censetnonnsmo.²
1005 656 1147 715 Attamen

50 749 211 809 securitatis
231 768 318 807 causa
340 749 517 825 dispensatio
544 748 680 826 deinceps
707 751 859 824 quaerenda
884 763 936 810 est.
980 754 1069 812 “Ubi
1088 776 1146 815 non

50 860 183 926 spentnr
197 847 314 916 tructus,
329 848 484 907 omittenda
498 857 542 905 est
558 850 678 907 monitio
694 852 779 908 etiam
799 849 834 907 de
848 852 1025 910 restitutione
1042 853 1147 914 facien·

52 948 89 1006 da
100 943 149 1005 :”²
168 965 234 1006 nam
267 949 352 1007 saluti
378 948 552 1024 poenitentis,
581 949 675 1024 potius
708 968 794 1022 qnam
827 949 992 1008 utilitatibus
1026 952 1146 1014 aliorum

51 1046 203 1106 consulere
217 1055 327 1105 tenetur
340 1046 539 1105 confessarius.
583 1046 643 1104 Sed
655 1066 713 1106 uon
722 1048 804 1106 facile
815 1048 944 1124 judicare
958 1047 1043 1109 debet
1056 1055 1146 1128 poeui·

52 1156 160 1204 tentem
173 1164 231 1204 non
244 1147 447 1212 restituturum,
461 1146 486 1203 si
500 1146 628 1215 monitus⁴
639 1146 731 1205 fuerit.

92 1249 164 1303 221.
186 1245 246 1303 Ubi
258 1245 336 1313 rixae,
355 1245 483 1312 infamia,
504 1245 550 1302 vel
564 1245 697 1304 scandala
717 1247 846 1315 aliorum,
868 1247 1030 1315 imminent,
1054 1250 1147 1308 omitti

51 1345 157 1421 poterit
170 1345 300 1413 monitio,
315 1363 382 1403 narn
395 1353 511 1420 peccata
524 1344 653 1402 formalia
664 1345 783 1404 aliorum
797 1345 912 1404 vitanda
924 1355 992 1405 sunt
1004 1365 1062 1422 prae
1076 1368 1144 1426 pec-

51 1455 118 1502 cato
131 1444 267 1501 materiali
280 1444 452 1520 poenitentis.
495 1443 649 1519 Excipitur
662 1453 756 1504 tamen
777 1446 801 1503 si
823 1464 901 1504 error
914 1447 990 1504 bono
1004 1450 1150 1507 communi

52 1543 227 1612 adversetur,
242 1562 308 1601 uam
318 1543 509 1602 confessarius
524 1551 667 1615 tamquam
677 1545 840 1619 reipublicae
852 1563 917 1622 pars
930 1547 1060 1604 omnium
1076 1547 1151 1605 utili-

53 1651 141 1700 tatem
155 1642 241 1701 unius
254 1643 406 1701 commodo
420 1641 558 1700 anteferre
572 1641 664 1700 debet.
707 1642 785 1700 Hinc
800 1643 941 1721 parochus
956 1645 1005 1717 qui
1020 1663 1057 1702 ex
1072 1647 1152 1721 iguo-

53 1743 146 1800 rantia
158 1760 267 1800 errores
281 1741 374 1810 tradit,
389 1740 549 1800 monendus
560 1751 620 1799 est:
636 1743 712 1799 sicut
721 1752 750 1799 et
759 1742 806 1800 ille
817 1743 866 1816 qui
879 1761 910 1798 se
922 1745 995 1819 gerit
1007 1754 1152 1817 tamquam

54 1841 246 1910 sacerdotem,
267 1859 355 1913 quum
378 1842 430 1900 rite
451 1859 509 1899 non
529 1841 614 1899 fuerit
634 1841 790 1899 ordinatus.
833 1842 1150 1904 Monendisuntetiam

54 1941 219 2018 reipublicae
242 1951 377 2009 rectores,
402 1941 534 2016 episcopi
554 1939 657 2013 aliique
679 1941 739 1998 suis
761 1959 909 2021 perperam
923 1942 1075 2017 fungentes
1090 1961 1152 1999 ruu-

54 2041 173 2099 neribus
199 2058 265 2098 cum
285 2041 392 2099 civium
412 2041 459 2098 vel
479 2039 626 2116 religionis
648 2039 831 2098 detrimento.
874 2040 1016 2099 Monendi
1036 2058 1151 2113 quoque

56 2140 109 2214 qui
122 2149 299 2198 sacramenta
318 2138 506 2212 frequentant,
528 2157 618 2211 quum
639 2158 738 2197 eornm
760 2141 886 2197 actiones
907 2142 1017 2200 caeteris
1031 2141 1089 2197 sint
1102 2159 1152 2198 ex·

56 2239 156 2315 emplo
169 2250 197 2297 et
209 2256 326 2305 normae,
349 2247 368 2274 ‘⁶
377 2257 444 2297 cum
458 2239 522 2311 quis
537 2239 684 2297 arbitretur
704 2257 738 2297 ea
751 2239 805 2296 sibi
818 2239 914 2308 licere,
929 2258 992 2312 quae
1006 2239 1040 2296 ab
1053 2240 1089 2297 iis
1104 2240 1153 2312 qui

56 2337 206 2399 Ecclesiae
219 2349 395 2397 sacramenta
413 2336 603 2412 frequentant,
624 2338 741 2416 impune
762 2340 889 2398 exerceri
916 2337 1151 2398 animadvertit:”

56 2439 101 2497 uti
115 2440 188 2496 bene
198 2446 276 2496 notat
289 2436 467 2496 Benedictus
479 2433 580 2495 Χ111.3

100 2542 172 2595 222.
193 2536 227 2596 Si
240 2537 382 2615 poenitens
400 2536 564 2612 interroget,
587 2537 691 2593 veritas
705 2534 856 2612 pandenda
875 2545 928 2602 est,
954 2554 1020 2593 narn
1034 2537 1097 2612 ejus
1111 2538 1153 2613 ig-

56 2637 191 2698 norantia
202 2637 376 2695 invincibilis
394 2636 492 2694 haberi
506 2636 616 2708 nequit,
637 2633 705 2692 dum
719 2634 843 2693 dubitat:
867 2643 990 2691 attamen
1010 2633 1153 2691 confessa-

56 2738 120 2796 rius
140 2736 214 2794 ultra
233 2736 351 2809 quaesita
370 2734 504 2812 progredi
523 2754 582 2793 non
603 2743 721 2801 tenetur,
746 2733 771 2790 si
791 2731 943 2808 prevideat
965 2733 1154 2792 monitionem

57 2835 139 2896 haud
152 2835 338 2911 profuturam.
380 2835 430 2892 Sic
449 2835 485 2893 de
498 2853 584 2893 usura
603 2833 712 2891 enormi
732 2830 883 2905 aliquando
897 2831 1051 2908 interrogat
1064 2834 1155 2908 p'oeni·

57 2947 135 3005 tens,
149 2934 201 3007 qui
212 2934 248 2993 de
262 2952 297 2992 ea
309 2952 372 3007 quae
386 2935 449 3011 lege
463 2934 633 3011 permittitur
642 2931 721 2990 nullo
732 2931 843 3007 angitur
856 2931 1001 3007 scrupulo,
1016 2933 1155 3004 quamvis

60 3037 160 3094 forsan
171 3031 246 3093 desit
258 3033 367 3099 titulos.

109 3136 181 3191 223.
216 3133 250 3191 si
275 3133 416 3210 poeuitens
441 3133 571 3191 videatur
603 3132 681 3191 brevi
714 3132 959 3206 obtemperaturus
994 3131 1154 3196 monitioni,

61 3233 195 3307 quamvis
208 3233 290 3291 initio
303 3233 426 3300 resistat,
441 3232 608 3309 plerumque
622 3230 781 3290 monendus
804 3238 856 3298 est,
879 3232 1036 3305 praesertim
1051 3231 1156 3290 sicum

63 3333 184 3392 aliorum
204 3330 350 3398 scandalo,
371 3332 417 3390 vel
437 3333 480 3390 sui
495 3331 632 3407 periculo,
653 3331 683 3387 in
703 3336 824 3406 peccato
841 3329 980 3387 materiali
994 3339 1101 3408 pergat,
1116 3331 1157 3388 uti

64 3429 178 3504 quando
190 3429 417 3490 “dissimulante
431 3431 617 3497 confessario,
633 3439 765 3506 peccator
778 3430 807 3486 in
821 3447 910 3505 pravo
923 3447 1010 3506 opere
1024 3431 1157 3490 obfirma·
1225 3504 1228 3509 Ι

64 3539 141 3589 retur
153 3547 220 3588 cum
233 3529 367 3589 scandalo
380 3531 518 3598 aliorum;
540 3529 585 3587 vel
605 3528 719 3601 quando
739 3530 804 3602 quis
825 3528 856 3586 in
875 3529 1008 3604 proxima
1021 3529 1159 3605 peccandi

10 3632 14 3643 “
68 3629 218 3688 occasione
232 3619 368 3699 uersatur,
391 3631 437 3688 sin
456 3631 552 3688 minus
575 3629 605 3687 in
625 3629 749 3686 externis
770 3628 889 3695 actibus,
905 3627 1006 3685 saltem
1019 3629 1048 3684 in
1062 3628 1157 3702 pravis

70 3728 267 3804 cupiditatibus
281 3747 314 3786 ac
327 3730 450 3788 morosis
463 3728 699 3787 delectationibus
713 3726 844 3784 assentiri
857 3722 1055 3782 consuevit.”⁴

105 3831 177 3886 224.
205 3826 329 3895 Quando
349 3828 541 3887 confessarius
561 3826 668 3884 dubitet
687 3834 782 3882 utrum
802 3823 921 3881 monitio
944 3821 1090 3899 profutura
1110 3823 1156 3889 sit,

73 3923 150 3984 debet
163 3945 228 3986 eam
240 3925 344 3996 facere,
364 3927 422 3987 nisi
435 3927 532 3986 timeat
545 3927 681 3985 damnum
695 3922 762 3981 inde
776 3922 923 3979 oriturum.
967 3922 999 3979 Si
1013 3931 1108 3978 autern
1122 3919 1157 3978 de

172 4147 215 4212 (l)
233 4143 344 4197 Iarin.
356 4148 414 4195 613.
677 4143 720 4208 (2)
738 4139 838 4199 Ibidem,
849 4154 874 4188 n.
888 4139 946 4188 614.

173 4230 216 4295 (3)
236 4227 312 4278 Bulls
324 4225 598 4296 Apostolieo,261uuii
612 4226 722 4275 1742111
734 4223 801 4274 Bull.
812 4229 830 4272 1.
841 4221 875 4272 iii.
886 4237 911 4288 p.
920 4225 961 4273 82.
975 4225 999 4282 ς.
1013 4224 1052 4271 10.

171 4313 215 4381 (4)
234 4311 336 4395 Ibidem.

113 4407 187 4470 Vos.
202 4408 339 4470 tlt-at
