2640 4860
443 373 500 434 DE
522 371 830 434 OONTRITIONE.
1129 378 1186 436 133

542 1026 683 1088 CAPUT
703 1026 743 1087 ΙΙ.

505 1243 544 1284 ott
565 1242 781 1286 colummeria.

134 1410 183 1464 13.
201 1402 487 1464 Contritiodelinitur
500 1404 618 1463 “animi
632 1403 713 1464 dolor
722 1424 755 1462 ac
768 1404 916 1466 detestatio
930 1407 966 1467 de
980 1421 1098 1487 peccato
1111 1431 1190 1474 com·
1210 1392 1250 1483 *ᾖ

92 1507 187 1566 misso
201 1522 268 1562 cum
281 1506 429 1582 proposito
442 1524 501 1564 non
513 1503 651 1582 peccandi
660 1504 695 1563 de
709 1498 859 1564 caetero.’'¹
899 1507 967 1567 Vim
981 1511 1060 1569 vocis
1071 1510 1188 1587 pulchre
1210 1510 1213 1515 ’

92 1605 225 1683 explicat
238 1603 270 1660 S.
285 1604 432 1663 Thomas:
455 1604 530 1663 “ille
552 1605 601 1676 qui
624 1604 654 1661 in
674 1622 726 1662 suo
747 1622 833 1663 sensu
853 1618 1026 1682 perseverat,
1040 1609 1148 1687 rigidus
1162 1622 1191 1671 et

92 1703 197 1771 durus,
212 1721 265 1779 per
277 1703 493 1763 similitudinem
508 1712 640 1762 vocatur:
663 1703 736 1762 sicut
755 1701 856 1762 durum
870 1706 900 1763 iu
913 1708 1105 1768 materialibus
1119 1711 1189 1771 dici·

92 1814 150 1873 tur,
166 1801 247 1877 quod
260 1821 319 1861 non
331 1803 406 1862 cedit
428 1803 521 1862 actui:
542 1801 618 1861 unde
632 1812 660 1858 et
671 1802 762 1879 srangi
783 1802 884 1860 dicitur
903 1804 1017 1878 aliquis,
1038 1809 1153 1880 quando
1172 1831 1189 1867 a

92 1921 150 1962 suo
165 1920 256 1960 sensu
271 1900 421 1961 divellitur.
464 1901 523 1960 Sed
536 1903 609 1960 inter
621 1902 787 1959 fractionem
806 1912 835 1960 et
848 1905 1113 1975 comminutionem,
1128 1909 1189 1966 sire

92 1993 309 2068 wintrionem,
323 2001 354 2059 in
366 2001 452 2059 rebus
466 2001 655 2059 materialibus
671 1999 758 2080 (unde
772 1999 833 2059 hacc
855 2004 973 2062 nomina
985 2003 1020 2062 ad
1033 2005 1192 2081 spiritualia

92 2097 320 2177 nsnsferuntur)
334 2099 390 2158 hoc
408 2101 542 2159 interest.
556 2141 563 2157 .
577 2142 584 2157 .
597 2098 691 2173 ,quod
711 2099 802 2175 frangi
816 2100 948 2161 dicuntur
959 2103 1062 2176 aliqua,
1077 2103 1192 2177 quando

92 2200 127 2261 in
139 2216 264 2276 magnas
283 2207 376 2275 partes
389 2198 569 2257 dividuntur:
590 2197 642 2256 sed
655 2200 811 2258 comminui
825 2199 871 2259 vel
890 2203 1007 2269 conteri,
1023 2203 1137 2275 quando
1156 2203 1192 2261 ad

92 2308 196 2376 partes
218 2299 351 2357 minimas
371 2298 513 2357 reducitur
538 2298 615 2371 quod
635 2298 664 2357 in
684 2317 716 2354 se
739 2298 864 2359 solidum
891 2311 959 2358 erat.
1001 2301 1043 2359 Et
1068 2304 1136 2375 quia
1156 2302 1191 2360 ad

92 2399 304 2457 dimissionem
317 2399 427 2474 peccati
440 2398 599 2471 requiritur,
614 2396 689 2470 quod
704 2397 837 2456 affectum
851 2401 961 2475 peccati
975 2399 1063 2457 homo
1071 2402 1192 2460 totaliter

93 2498 236 2565 dimittat,
246 2515 391 2572 quemper
400 2496 540 2570 quandam
554 2497 770 2554 continuitatem
784 2505 811 2552 et
823 2496 994 2555 soliditatem
1001 2499 1031 2556 in
1040 2516 1092 2556 suo
1106 2517 1192 2557 sensu
1263 2510 1270 2517 '

94 2595 242 2656 habebat:
264 2595 329 2654 ideo
348 2606 427 2654 actus
447 2596 504 2664 ille,
526 2614 583 2668 quo
603 2605 752 2672 peccatum
772 2594 930 2663 dimittitur,
944 2596 1076 2654 contritio
1090 2596 1192 2654 dieitur

95 2713 155 2773 per
169 2690 437 2755 similitudinem.”²

145 2800 194 2854 14.
216 2793 356 2876 Perfecta
369 2794 471 2853 dicitur
484 2794 625 2862 contritio,
640 2795 752 2866 quoties
772 2812 809 2851 ex
829 2792 886 2850 Dei
906 2791 1057 2851 dilectione
1077 2801 1194 2869 propter

99 2913 135 2954 se
149 2894 257 2955 oritur:
278 2892 462 2975 imperfecta,
477 2895 502 2951 si
515 2912 552 2951 ex
565 2893 770 2969 suppliciorum
784 2901 872 2959 metu,
893 2891 940 2949 vel
952 2893 1061 2968 peccati
1076 2892 1194 2968 turpitu-

101 2994 172 3053 dine
185 2982 381 3070 cbncipiatur;
397 3012 460 3066 quar
474 3002 567 3052 tamen
577 2992 674 3051 odium
685 2992 793 3068 peccati
806 3000 834 3048 et
844 2991 1022 3068 propositum
1036 3009 1117 3049 novae
1130 2991 1195 3048 vitae

102 3092 251 3153 includere
266 3091 358 3161 debet,
371 3103 404 3151 ut
425 3092 516 3150 valeat
538 3092 573 3149 ad
595 3092 708 3149 veniam
728 3093 759 3149 in
781 3098 957 3148 sacramento
977 3088 1195 3167 impetrandam.

105 3184 251 3252 contritio
266 3191 399 3267 perfecta,
414 3210 476 3265 quae
491 3201 587 3249 votum
600 3191 770 3249 sacramenti
782 3188 943 3248 necessarid
965 3189 1090 3258 includit,
1111 3190 1196 3248 etiam

106 3299 172 3351 aute
185 3291 256 3351 illud
269 3300 434 3369 susceptum
448 3291 561 3349 veniam
574 3291 707 3365 impetrat
719 3300 746 3348 et
758 3291 876 3375 gratiam
890 3289 1047 3366 poenitenti,
1062 3308 1127 3348 nam
1141 3299 1199 3349 tota
1211 3347 1212 3350 ,
1290 3340 1298 3353 .

109 3390 196 3449 animi
210 3390 365 3448 afflictione
379 3409 445 3448 eum
459 3391 595 3463 quaerenti
605 3388 686 3448 Deus
700 3408 763 3447 eam
777 3389 919 3466 pollicitus
933 3400 987 3448 est.
1029 3389 1079 3446 Sic
1089 3390 1199 3467 populo

110 3488 279 3558 israelitico,
300 3491 330 3548 in
356 3499 455 3567 gentes
481 3506 582 3547 omnes
607 3489 644 3547 ob
670 3489 790 3547 crimina
815 3488 1015 3566 dispergendo,
1029 3489 1104 3547 dixit
1128 3489 1198 3548 olim

113 3588 254 3665 Moyses:
280 3587 389 3647 “Cum
417 3588 564 3662 quaesieris
586 3588 626 3645 ibi
653 3586 812 3646 Dominum
832 3587 927 3647 Deum
954 3598 1043 3654 tuum,
1068 3588 1198 3644 invenies

114 3705 192 3746 eum:
217 3677 251 3746 'si
282 3697 375 3745 tamen
391 3696 456 3745 toto
480 3685 565 3745 corde
586 3688 743 3760 quaesieris,
768 3695 796 3744 et
816 3695 873 3745 tota
895 3686 1072 3744 tribulatione
1097 3685 1199 3740 animae

116 3778 216 3845 tuae.”³
268 3787 348 3845 Hinc
377 3785 530 3845 concilium
562 3784 763 3843 Tridentinum
790 3786 906 3862 agnovit
925 3783 1089 3857 contingere
1112 3797 1205 3856 posse

115 3895 142 3942 11
157 3888 241 3944 venia
260 3888 436 3962 impetretur,
457 3893 607 3958 antequam
627 3890 836 3943 sacramentnm
857 3893 918 3938 actu
940 3880 1120 3955 suscipiatur,
1141 3895 1201 3935 non

117 3992 206 4045 111101
233 3986 339 4058 absque
365 3985 429 4062 ejus
461 3992 547 4042 voto:
582 3983 704 4041 “Docet
732 3981 786 4040 etsi
810 3978 1009 4038 contritionem
1041 3977 1121 4034 hanc
1153 3977 1202 4035 ali·

218 4193 260 4259 (l)
279 4176 359 4245 Me.
368 4190 437 4241 Trid.
449 4191 514 4240 Sese.
526 4191 575 4241 xiv.
587 4205 608 4241 c.
619 4189 650 4240 iv.
660 4189 690 4238 de
700 4187 784 4253 poenit.

218 4279 261 4344 (2)
280 4277 412 4342 supplic
423 4293 448 4343 p.
459 4292 501 4342 (11.
512 4277 528 4329 1.
540 4282 582 4326 art
593 4276 610 4326 i.
649 4275 722 4342 Resp.
892 4273 934 4339 (3)
954 4270 1027 4323 Deut
1040 4271 1072 4323 iv.
1084 4273 1125 4320 29.

157 4373 235 4434 vor..
247 4371 385 4434 ΙΙΙ.-13

206 4510 224 4537 b
