2640 4860
124 376 163 430 34
439 367 497 428 DE
518 365 665 428 Fortun
685 366 897 429 BAPTISMI.

102 535 169 605 ¹rel
192 535 231 617 tp
256 536 378 614 Anglice
403 535 594 605 substituatur,
615 534 727 594 videtur
746 553 848 594 sensns
869 550 985 592 manere
1005 533 1134 604 illaesus3
1159 535 1208 594 sed

123 652 212 708 quum
231 635 362 695 nonnulli
388 634 588 702 contradicant,
609 635 753 694 securitati
778 633 987 694 consulendum
1006 641 1061 703 est,
1082 634 1208 695 iterando

122 733 264 811 baptismo
277 735 331 794 snb
342 733 515 795 conditione.

165 836 212 892 111.
235 833 339 894 Utrum
365 833 519 908 aliquando
544 833 675 911 Apostoli
699 832 734 892 in
758 831 881 893 nominc
905 829 981 890 ,lesu
1005 832 1211 909 baptizaverint

123 929 306 1010 disceptatur,
329 934 473 1010 plerisque
499 933 681 992 censentibus
703 933 877 1008 baptismum
901 948 1018 1009 semper
1039 931 1069 989 in
1095 933 1210 991 nomine

108 1023 209 1090 ‘trium
235 1049 421 1109 personarum
446 1033 578 1091 collatum
604 1032 703 1100 fuisse,
724 1030 776 1089 sed
795 1031 903 1090 dictum
929 1031 959 1088 in
984 1030 1104 1089 nomine
1129 1030 1210 1099 Jesu,

124 1141 156 1187 nt
181 1130 399 1210 distingueretur
424 1152 441 1190 a
465 1131 586 1190 Joannis
607 1131 794 1208 baptismate:
823 1130 886 1189 aliis
913 1127 1152 1188 contendentibus
1176 1148 1213 1188 ex

125 1229 337 1308 dispensatione
362 1230 398 1288 ad
423 1240 535 1308 tempus
560 1230 599 1288 ita
623 1231 827 1289 consuevisse:
862 1229 891 1288 id
916 1240 1011 1287 autem
1034 1229 1213 1306 exploratum

125 1329 254 1399 habetur,
263 1331 436 1408 baptismum
444 1328 610 1406 hujusmodi
619 1331 681 1408 jam
694 1347 753 1388 non
763 1329 867 1387 valere.
909 1328 967 1394 Qui
981 1335 1076 1387 autem
1089 1326 1212 1387 diceret:

127 1430 330 1488 “Auctoritate
350 1428 470 1487 Domini
488 1427 594 1497 Jesu,'’
615 1427 662 1486 vel
683 1438 703 1465 ‘⁴
715 1427 921 1503 Obtemperans
941 1426 1070 1487 Domino
1089 1426 1174 1495 Jcsu,
1188 1437 1214 1485 te

125 1527 240 1605 baptizo
255 1529 285 1586 in
304 1529 420 1587 nomine
439 1528 544 1596 Patris,
564 1536 594 1586 et
612 1527 690 1596 Filii,
710 1536 739 1584 et
757 1527 883 1605 Spiritus
903 1525 1041 1594 Sancti;’‘
1063 1513 1216 1585 conficeret

127 1626 309 1701 baptismum,
325 1628 409 1686 verba
422 1627 498 1686 enim
514 1627 564 1685 illa
582 1645 645 1699 quae
666 1627 840 1704 precedunt,
855 1626 914 1684 vim
934 1625 1032 1685 formae
1052 1625 1217 1699 relinquunt

126 1723 255 1783 illesam.
298 1726 332 1784 Si
357 1725 462 1784 diceret
481 1728 564 1798 quis:
589 1727 736 1803 “baptizo
756 1736 783 1784 te
809 1727 840 1785 in
866 1726 983 1784 nomine
1004 1725 1110 1794 Patris,
1131 1735 1161 1784 et
1185 1726 1214 1784 in

127 1825 243 1883 nomine
269 1824 348 1895 Filii,
375 1836 404 1883 et
427 1827 458 1884 in
483 1827 599 1885 nomine
626 1826 750 1902 Spiritus
777 1825 875 1884 Sancti
887 1824 916 1892 ;''
944 1824 1087 1882 videretur
1113 1823 1214 1883 dubius

128 1925 305 2005 baptismus:
329 1927 355 1985 si
368 1924 474 1984 diceret
493 1927 522 1984 in
548 1924 734 1992 sensisibus,
754 1924 828 1982 nihil
853 1923 1016 1992 conticeret,
1038 1924 1106 1996 quia
1125 1925 1216 1983 unitas

128 1994 363 2085 natursrffi'rvinsc
390 2021 467 2082 haud
492 2023 709 2099 significaretur.
762 2023 794 2080 Si
820 2023 983 2100 conjunctio
1008 2030 1130 2097 utroque
1155 2023 1218 2082 loco

129 2123 315 2189 omitteretur,
335 2122 439 2180 dubius
459 2121 606 2197 plerisque
628 2120 756 2180 videtur:
791 2140 877 2181 secus
896 2122 922 2180 si
941 2122 1093 2200 posteriori
1118 2122 1218 2181 saltem

128 2221 292 2287 retineatur,
306 2239 372 2278 nam
386 2228 430 2277 est
441 2229 575 2279 consueta
589 2218 703 2280 dicendi
716 2221 788 2280 ratio
802 2222 1035 2299 conjunctionem
1050 2222 1140 2298 priori
1153 2222 1217 2280 loco

128 2319 267 2376 omittere.
310 2318 343 2376 Si
357 2317 432 2376 dicat
443 2319 523 2392 quis:
547 2320 689 2398 “baptizo
701 2329 727 2379 te
737 2320 767 2380 in
780 2322 898 2380 nomine
912 2321 1013 2380 SSmae
1027 2320 1179 2380 Trinitatis
1187 2320 1216 2388 ;”

129 2415 230 2475 dubius
244 2425 288 2474 est
300 2417 468 2496 baptismus,
483 2419 551 2492 quia
563 2435 750 2497 personarum
770 2418 914 2479 distinctio
927 2418 1037 2479 videtur
1056 2420 1217 2479 necessario

128 2517 325 2594 exprimenda.

172 2621 219 2675 11.
241 2618 274 2678 Si
295 2620 359 2694 quis
374 2619 465 2680 dicate
495 2622 590 2701 “Ego
610 2640 661 2682 vos
688 2624 814 2702 baptizo,
835 2621 910 2681 etc.”
928 2631 961 2705 ,11
980 2621 1068 2680 simul
1088 2628 1220 2699 aspergat

128 2716 225 2794 plures
238 2736 322 2792 aqua,
337 2718 432 2777 veliis
451 2737 514 2777 eam
528 2716 665 2787 infundat,
679 2718 753 2779 velet
766 2710 943 2796 baptismust
962 2735 1026 2791 quae
1040 2725 1137 2775 tamen
1149 2721 1218 2778 ratio

129 2835 188 2876 non
202 2828 245 2874 est
257 2830 337 2877 extra
349 2818 549 2878 necessitatem
561 2817 733 2895 usurpanda.
775 2818 846 2881 Non
855 2816 932 2877 velet
940 2816 1097 2893 baptismus
1109 2816 1136 2875 si
1147 2836 1218 2877 unus

130 2914 262 2976 infundat
274 2938 388 2994 aquam,
400 2918 471 2976 alius
485 2917 561 2976 dicat
572 2919 666 2976 verba.
712 2918 715 2925 '

172 3021 219 3075 12.
243 3018 302 3084 Qui
321 3019 443 3078 diceret:
466 3026 597 3096 “mergo
618 3026 654 3087 te,
678 3013 761 3075 etc.”
784 3035 849 3075 vere
868 3016 1035 3093 baptizaret,
1062 3013 1219 3076 dummodo

130 3114 217 3173 simul
237 3127 386 3193 mergeret,
411 3135 469 3175 non
492 3126 585 3175 autern
608 3117 633 3173 si
656 3116 711 3173 alio
732 3125 815 3192 pacto
836 3105 938 3189 aquam
961 3113 1123 3173 adhiberet:
1156 3116 1220 3188 quia

132 3230 229 3270 verum
248 3233 307 3272 non
326 3215 476 3288 nuntiaret,
496 3223 558 3273 actu
576 3216 641 3273 voci
659 3212 736 3271 haud
751 3214 951 3291 respondente.
994 3213 1027 3270 Si
1040 3212 1132 3272 dicat:
1154 3214 1219 3273 lavo

131 3317 169 3379 te,
184 3320 238 3369 etc.
254 3329 442 3385 quaecumque
456 3311 563 3371 ablutio
576 3311 700 3370 sufficiet
709 3320 740 3369 ut
752 3315 910 3390 baptismus
919 3314 956 3372 sit
965 3313 1085 3390 integer.
1128 3313 1220 3372 0111-

131 3429 195 3468 rum
215 3428 271 3468 vox
294 3411 328 3468 ab
355 3410 490 3468 Ecclesia
514 3411 622 3470 sancita
646 3412 746 3484 nequit
771 3414 876 3486 absque
895 3413 974 3490 gravi
993 3412 1078 3488 culpa
1097 3414 1217 3472 mutari:

134 3507 231 3586 “Ego
244 3518 271 3566 te
284 3508 409 3587 baptizo,
423 3509 500 3566 etc.”
989 3510 1001 3569 ’.

174 3611 221 3666 13.
258 3608 330 3677 Qua
356 3608 572 3686 praemittuntur,
598 3609 644 3668 vel
670 3609 862 3687 adjunguntur
887 3609 995 3677 formae,
1023 3628 1081 3668 non
1108 3611 1221 3670 obstant

132 3709 269 3787 baptismi
282 3709 380 3777 valeri,
395 3708 506 3781 quoties
526 3727 627 3767 sensus
641 3728 700 3768 non
719 3709 839 3768 laeditur.
882 3710 947 3767 “Si
965 3708 1065 3777 vero,”
1080 3710 1176 3782 inquit
1188 3708 1219 3768 S.

36 3871 41 3886 ‚
133 3809 275 3880 Thomas,
297 3811 364 3868 “sit
382 3808 445 3868 talis
466 3807 584 3876 additio,
598 3827 661 3882 quae
675 3828 732 3868 non
754 3809 861 3867 auferat
879 3807 1006 3868 debitum
1019 3826 1148 3877 sensum,
1163 3829 1221 3871 non

133 3910 240 3969 tollitur
260 3909 428 3970 sacramenti
446 3910 561 3968 veritas.
603 3909 669 3967 Nec
688 3907 783 3976 refert,
797 3915 890 3967 utrum
911 3908 974 3967 talis
994 3906 1102 3967 additio
1122 3907 1173 3966 fiat
1192 3911 1221 3967 in

132 4010 285 4087 principio,
299 4009 406 4078 medio,
420 4011 466 4070 vel
485 4011 560 4070 fine:
582 4018 613 4068 ut
631 4008 657 4083 si
676 4007 777 4080 aliquis
797 4006 881 4075 dicat,
903 4008 988 4085 ‘Ego
1008 4016 1035 4066 te
1054 4007 1173 4085 baptizo
1192 4009 1222 4066 in

135 4107 255 4164 nominc
269 4107 327 4166 Dei
339 4110 434 4168 Patris
450 4109 667 4189 omnipotentis,
680 4116 709 4165 et
727 4107 795 4166 Filii
809 4106 872 4184 ejus
889 4106 1039 4186 unigeniti,
1053 4116 1082 4165 et
1095 4106 1220 4183 Spiritum

50 4204 54 4211 '
134 4198 233 4261 Sancti
247 4204 388 4266 Paracleti
399 4206 418 4263 ε’
439 4211 493 4269 erit
509 4229 606 4269 venrrn
619 4209 769 4287 baptisma.
812 4208 853 4266 Et
865 4208 997 4267 similiter
1013 4207 1038 4266 si
1058 4203 1221 4280 quisdicat,

133 4296 221 4378 ‘Ego
241 4313 268 4359 te
288 4304 412 4380 baptizo,
427 4308 458 4365 in
476 4311 594 4368 nominc
614 4309 717 4375 Patris,
737 4316 766 4390 ct
784 4306 862 4375 Filii,
876 4316 905 4365 et
924 4304 1049 4384 Spiritus
1070 4305 1179 4374 Sancti,
1193 4313 1222 4362 et
