2640 4860
431 360 573 453 carun
593 392 776 454 unicum
1092 401 1154 458 ara

57 557 182 631 ideoque
207 558 337 618 subsidio
356 559 432 627 vitae,
455 558 532 632 quod
555 557 622 618 inde
642 559 828 621 derivandum
848 561 932 629 foret,
954 579 1049 620 carere
1068 562 1152 622 sacilo

58 666 188 734 possent.
230 657 288 724 Qui
307 658 420 736 fingunt
440 658 554 717 titulum
572 667 604 716 ut
622 658 798 729 ordinentur,
822 661 1032 720 ecclesiasticas
1052 679 1152 737 poenas

58 753 257 816 contrahunt.¹
298 757 448 835 Episcopo
474 758 524 830 qui
549 756 725 816 sacerdotem
751 760 858 833 absque
877 761 959 820 titulo
981 758 1102 830 ordinat,
1123 762 1153 820 in

59 874 175 932 poenam
195 856 362 934 injungitur,
386 864 417 914 ut
436 857 464 914 ei
486 857 645 914 necessaria
665 855 699 914 ad
718 859 951 919 sustentationem
965 855 1153 936 suppeditet.²

56 953 225 1014 Concilium
240 966 334 1014 autem
357 955 566 1014 Baltimorense
587 956 802 1026 Missionarios,
823 959 907 1018 etiam
935 967 1113 1037 egrotantes,
1135 978 1152 1017 a

56 1052 192 1112 fidelibus
206 1055 309 1128 quibus
322 1054 513 1113 inservierunt
526 1054 727 1114 sustentandos
741 1051 892 1115 decrevit³

301 1270 327 1344 §.
349 1269 387 1327 V.
430 1267 478 1326 Da
499 1286 716 1328 onnrnrrronrs
735 1287 907 1330 anruucrrs.

96 1445 147 1500 31.
168 1442 248 1502 Dum
261 1442 401 1502 ordinatio
426 1442 468 1511 fit,
489 1443 552 1519 ipse
566 1444 721 1521 episcopus
741 1446 791 1518 qui
813 1445 926 1504 ordinat
938 1445 1061 1505 Missam
1075 1445 1148 1504 cole·

56 1542 140 1599 brare
166 1542 261 1610 debet,
287 1543 418 1616 quamvis
437 1540 531 1600 valeat
550 1543 702 1612 ordinatio,
725 1545 838 1604 etiamsi
862 1545 1013 1622 presbyter
1025 1545 1149 1604 Missam

56 1640 192 1711 celebret,
203 1639 359 1700 dummodo
372 1641 526 1718 episcopus
549 1650 639 1700 totum
660 1644 743 1701 ritum
764 1643 947 1702 essentialem
961 1643 1147 1702 ordinationis

57 1741 122 1815 ipse
149 1749 273 1818 peragat.
324 1739 425 1798 illicita
445 1741 541 1818 igitur,
563 1741 693 1813 quamvis
713 1741 815 1810 valida,
842 1741 986 1820 ejusmodi
1008 1741 1146 1801 ordinatio

58 1833 160 1897 soret⁴
200 1838 258 1897 Sed
281 1838 407 1897 minores
427 1839 542 1898 ordines
562 1839 622 1897 dari
644 1849 774 1915 possunt,
790 1842 861 1913 quin
874 1841 968 1900 Missa
980 1841 1147 1899 celebretur.

58 1936 287 1998 Subdiaconatus
308 1955 374 1995 cum
394 1937 552 1996 minoribus
566 1937 711 1996 ordinibus
730 1957 790 1997 nou
811 1949 855 1998 est
875 1938 978 1999 eodem
992 1938 1038 1997 die
1051 1936 1147 1999 eidem

58 2032 251 2096 tribuendus.6
291 2036 356 2094 Nec
376 2033 434 2094 duo
457 2035 571 2094 ordines
592 2037 715 2112 majores
727 2036 795 2096 licet
807 2037 909 2098 eodem
922 2036 969 2097 die
983 2037 1067 2097 alicui
1079 2055 1146 2099 con·

57 2133 141 2202 serre,
155 2136 263 2208 absque
275 2133 395 2212 speciali
408 2133 558 2193 Pontificis
572 2131 811 2210 dispensationez⁶

98 2236 148 2293 32.
171 2234 268 2292 Prima
280 2240 397 2293 tonsura
419 2251 477 2292 non
497 2242 541 2290 est
562 2232 654 2292 danda
673 2233 731 2292 nisi
750 2235 936 2303 confirmatis,
950 2242 980 2292 et
990 2233 1058 2295 fidei
1070 2234 1147 2295 rudi·

56 2339 154 2391 menta
166 2331 283 2399 edoctis,
298 2350 371 2405 quos
384 2332 548 2391 verosimile
557 2340 601 2389 est
613 2339 633 2368 “
641 2340 673 2389 ut
685 2331 750 2394 Deo
758 2334 873 2393 fidelem
883 2334 990 2393 cultum
1000 2343 1145 2410 prestent,

56 2429 114 2490 boc
133 2431 197 2490 vitae
223 2449 314 2508 genus
334 2425 504 2507 elegisse.”⁷
544 2431 602 2498 Qui
629 2439 773 2492 tonsuram
800 2433 903 2509 recipit
922 2433 1030 2506 absquo
1050 2435 1146 2493 animo

57 2529 241 2606 mancipandi
271 2547 302 2588 se
330 2529 428 2588 divino
459 2529 557 2598 cultui,
584 2527 695 2587 videtur
720 2549 839 2606 peccare
869 2531 1027 2599 venialiter,
1058 2548 1146 2603 quum

55 2638 180 2688 externae
201 2629 373 2706 professioni
393 2646 475 2689 mens
501 2647 560 2686 non
580 2626 759 2705 respondeat.
802 2629 946 2687 Caeterum
975 2627 1054 2687 nulla
1080 2629 1145 2706 lege

56 2737 167 2787 tenetur
189 2726 225 2786 ad
244 2727 359 2787 ordines
380 2725 598 2804 suscipiendos:
620 2744 673 2784 nec
688 2725 799 2786 videtur
811 2745 938 2805 peccare,
959 2727 985 2784 si
997 2744 1027 2784 re
1041 2727 1144 2786 melius

55 2845 198 2905 perpensa
216 2826 353 2904 deinceps
379 2827 502 2894 recedat,
531 2834 559 2882 et
583 2843 703 2884 uxorem
729 2827 822 2896 ducat,
849 2826 921 2886 liber
945 2826 1023 2884 enim
1049 2833 1146 2885 manet

56 2926 146 2986 donec
169 2944 281 2984 sacrum
298 2926 427 2985 ordinem
440 2926 609 3002 susceperit.
650 2924 795 2997 Equidem
808 2925 857 2999 qui
870 2925 974 2983 divinae
987 2926 1144 2984 vocationis

55 3026 199 3093 conscius,
220 3024 256 3083 ad
269 3025 366 3084 saeculi
380 3043 506 3084 amorem
520 3024 677 3092 revertitur,
692 3042 796 3102 magno
809 3043 841 3082 se
854 3023 1012 3083 discrimini
1026 3024 1143 3101 objicit;

54 3125 187 3198 quamvis
200 3141 258 3183 non
272 3124 367 3182 statim
386 3125 424 3182 sit
436 3124 545 3201 peccati
564 3121 690 3181 mortalis
710 3121 886 3183 damnandus
909 3126 946 3182 ob
966 3123 1146 3200 propositum

55 3222 232 3287 derelictum.
272 3221 360 3300 Apud
380 3241 434 3282 nos
457 3240 543 3281 nemo
562 3229 658 3297 potest
680 3231 824 3281 tonsuram
848 3231 982 3300 appetere
1001 3222 1144 3280 saecularis

50 3321 153 3400 judicii
173 3320 302 3398 fugiendi
322 3320 431 3390 fraude,
452 3340 541 3394 quum
565 3320 643 3379 nulla
662 3321 720 3380 sint
739 3322 909 3382 clericorum
928 3324 959 3383 in
981 3321 1044 3380 soro
1064 3321 1144 3382 civili

56 3419 222 3497 privilegia:
244 3420 295 3479 sed
322 3429 420 3498 posset
450 3422 515 3493 quis
548 3437 611 3477 eam
641 3421 770 3499 recipere
802 3423 897 3482 animo
929 3418 959 3481 in
991 3422 1145 3481 seminario

56 3517 199 3588 manendi,
213 3527 244 3578 ut
256 3518 351 3577 studia
368 3519 484 3587 coleret,
507 3517 644 3596 deinceps
662 3519 697 3578 ad
710 3522 848 3581 saeculum
862 3540 1045 3589 reversurus;
1067 3520 1146 3595 quod

57 3615 184 3688 fraudem
196 3626 227 3676 et
238 3618 406 3698 injustitiam
419 3635 534 3694 gravem
547 3635 646 3677 secum
660 3619 754 3679 ferret.

95 3720 145 3774 33.
169 3717 330 3777 “Minores
342 3715 457 3777 ordines
468 3718 503 3776 iis
516 3718 567 3790 qui
580 3717 681 3777 saltem
694 3719 825 3777 Latinam
838 3718 966 3794 linguam
976 3715 1144 3792 intelligant,

59 3830 109 3889 per
120 3823 281 3892 tempomm
295 3817 455 3886 interstitia,
468 3816 525 3875 nisi
538 3815 615 3875 aliud
629 3817 767 3894 episcopo
779 3816 871 3893 magis
884 3814 1035 3882 videretur,
1049 3812 1145 3873 eonse-

92 3986 133 4054 (1)
154 3985 242 4037 (lonst.
254 3987 348 4038 Urbani
358 3988 427 4038 VIII.
437 3988 548 4040 Sacratis·
672 3989 715 4055 (2)
735 3986 798 4052 Gap.
809 3988 840 4038 iv.
852 3993 877 4036 et
887 3985 936 4038 xvi·
947 3985 977 4037 dc
983 3983 1111 4054 praebend.

93 4072 135 4138 (3)
155 4071 235 4123 (lonc.
246 4072 312 4124 Bait.
323 4073 358 4123 iii.
369 4073 433 4124 decr.
442 4073 468 4123 ii.

96 4153 137 4222 (4)
156 4155 184 4204 S.
196 4154 228 4205 0.
238 4156 302 4207 Gerr.
310 4156 393 4208 habita
403 4172 443 4208 an.
457 4158 530 4219 1715,
541 4171 624 4207 coram
635 4155 762 4208 Clemente
772 4154 817 4205 XI.
828 4161 853 4206 et
864 4154 971 4218 conat
983 4154 1042 4204 Feb.
1056 4154 1129 4203 1⁷22.

94 4240 135 4307 (b)
154 4238 218 4291 Bon.
227 4240 299 4293 XIV.
309 4241 341 4292 do
353 4241 414 4307 Syn.
425 4242 442 4291 1
453 4240 495 4291 vii.
506 4257 528 4292 c.
537 4240 598 4292 lxiii.
608 4257 634 4293 n.
646 4244 670 4292 5.

96 4323 138 4391 (c)
158 4323 221 4390 Cap.
231 4323 331 4386 Littera,
342 4325 374 4378 de
384 4332 458 4392 temp.
470 4324 546 4378 ordin.
667 4327 710 4394 (7)
730 4326 807 4378 (lonc.
818 4324 887 4377 Trid
897 4323 962 4377 Sese
972 4324 1100 4392 xristoap.
1107 4323 1139 4375 lv.
