2640 4860
270 356 329 417 DE
350 353 641 416 EUGHARISTIA
661 354 968 418 MlnlsTRnNDn.
1117 364 1154 418 81

57 522 168 601 judicis
182 522 290 591 officio,
305 523 372 582 dum
386 521 526 581 distribuit
538 521 758 591 Eucharistiam,
773 523 853 601 fungi
867 525 964 593 vellet,
978 542 1015 583 ex
1037 525 1156 583 scientia

63 622 245 680 occultomm
258 622 410 680 criminum
423 639 568 694 quemque
580 634 635 698 pro
647 623 692 680 sui
703 623 789 680 animi
800 623 1156 700 conscientiarepulsurus.

67 728 88 755 “
99 720 132 778 Si
145 718 249 788 verd,”
263 721 357 794 inquit
369 720 401 778 S.
417 720 557 789 Thomas,
572 728 592 756 “
601 739 658 779 non
679 730 745 779 sunt
758 722 898 780 manifesti
920 731 1091 800 peccatores,
1105 720 1158 780 sed

67 818 183 887 occulti,
198 837 255 877 nou
277 828 372 897 potest
390 819 433 877 eis
453 820 612 895 petentibus
633 839 714 878 saera
733 822 897 880 communio
917 821 1066 898 denegari:
1090 839 1158 879 cum

68 918 148 975 enim
163 918 284 990 quilibet
296 918 466 977 christianus
479 936 516 976 ex
529 918 584 977 hoc
597 919 661 995 ipso
675 917 750 992 quod
764 927 809 976 est
821 920 987 996 baptizatus,
1001 921 1040 978 sit
1055 919 1160 978 admis-

69 1033 122 1073 sus
135 1015 171 1074 ad
184 1016 370 1076 Dominic'am
383 1035 523 1085 mensam,
539 1036 596 1075 non
616 1026 712 1094 potest
733 1018 760 1074 ei
775 1019 922 1094 jussuum
943 1017 1014 1085 tolli,
1028 1019 1084 1076 nisi
1103 1035 1156 1094 pro

68 1114 166 1186 aliqua
179 1133 265 1174 causa
278 1111 475 1174 manifesta.”1
515 1115 550 1174 In
569 1114 811 1175 administratione
832 1117 944 1192 publica
963 1115 1050 1192 hujus
1066 1135 1157 1175 sacre·

72 1215 165 1272 menti
183 1213 284 1273 fideles
304 1232 405 1273 omnes
425 1224 577 1272 censentur
598 1213 686 1292 digni,
700 1215 757 1273 nisi
777 1216 948 1274 contrarium
968 1223 1071 1291 pateat,
1093 1233 1160 1274 nam

74 1313 227 1384 “quisque
247 1313 410 1371 naturaliter
429 1314 608 1388 praesumitur
626 1313 753 1372 bonus.‘’
786 1313 821 1372 ld
833 1333 868 1373 eo
890 1314 981 1392 magis
1007 1312 1161 1372 dicendum

72 1411 185 1483 quoties
211 1411 365 1490 indignitas
385 1411 544 1470 accedentis
564 1430 601 1470 ex
622 1412 802 1472 confessione
823 1414 984 1482 innotescit,
1005 1431 1061 1485 qua
1081 1412 1160 1471 nullo

72 1527 191 1584 prorsus
206 1520 288 1586 pacto
301 1511 342 1569 uti
355 1511 432 1577 licet,
445 1512 476 1569 in
490 1511 651 1587 poenitentis
665 1530 826 1589 gravamen,
841 1513 882 1572 uti
896 1530 933 1571 ex
949 1511 1062 1571 decreto
1075 1511 1161 1570 Inno-

72 1608 162 1666 centii
174 1608 228 1667 XI.
243 1617 361 1668 constat.
404 1618 423 1646 “
434 1610 502 1668 Non
517 1611 683 1669 nominatim
697 1620 791 1687 potest
810 1631 875 1673 eum
889 1630 1035 1670 removere
1054 1628 1160 1669 acom-

73 1707 245 1775 munione,'’
260 1709 298 1766 ita
309 1708 363 1766 Jus
377 1708 471 1776 habet,
487 1717 506 1745 “
517 1710 585 1768 licet
604 1705 676 1768 sciat
694 1728 759 1768 eum
780 1729 843 1768 esse
864 1728 955 1778 reum,
970 1711 1037 1784 quia
1055 1729 1112 1768 non
1131 1716 1163 1767 ut

67 1804 164 1882 judex
176 1807 239 1873 scit,
253 1807 305 1866 sed
317 1817 349 1865 ut
360 1803 492 1866 Deus.”²
532 1807 622 1867 Nullo
636 1808 741 1867 idcirco
760 1817 896 1884 praetextu
910 1809 1022 1867 aliunde
1043 1809 1163 1881 quaesito

72 1913 170 1980 potest
182 1904 315 1984 denegari
328 1917 535 1967 sacramentum
546 1927 554 1975 3
575 1927 629 1966 nec
641 1908 741 1967 notitia
753 1917 832 1965 extra
844 1907 1053 1967 consessionem
1066 1906 1164 1964 habita

72 2004 116 2062 uti
135 2022 171 2062 ea
191 2007 343 2064 occasione
363 2006 439 2076 licet,
453 2008 510 2066 nisi
530 2008 672 2084 ejusmodi
692 2025 744 2084 per
768 2025 799 2065 se
822 2008 941 2078 sitque
967 2004 1164 2063 certitudinem

72 2104 186 2180 pariat:
201 2125 258 2179 qua
267 2106 297 2164 in
309 2124 339 2164 re
348 2106 496 2183 prudentia
509 2108 635 2167 maxima
645 2118 674 2165 et
686 2107 795 2164 cautela
804 2125 877 2182 opus
890 2115 950 2172 est;
961 2115 989 2163 et
997 2105 1165 2181 plerumque

73 2212 192 2279 praestat
203 2205 311 2264 nnllam
325 2207 387 2283 ejus
401 2206 505 2264 habere
517 2208 665 2265 rationem.
687 2206 1020 2278 Quotiescumquenovit
1031 2201 1165 2280 sacerdos

74 2311 159 2360 extra
171 2303 383 2365 confessionem
404 2306 525 2384 alicujus
551 2306 756 2383 indignitatem,
770 2324 856 2378 quem
879 2304 992 2381 publice
1018 2304 1052 2361 ad
1073 2320 1165 2361 sacra·

75 2411 175 2460 menta
196 2421 377 2463 accessurum
398 2406 487 2474 novit,
502 2405 620 2483 expedit
636 2415 668 2464 ut
687 2406 722 2464 ab
743 2405 806 2481 ejus
824 2403 964 2464 audienda
983 2402 1165 2463 consessione

75 2501 226 2572 abstineat,
240 2504 266 2560 si
279 2504 351 2563 alius
361 2505 514 2587 praesto'sit
524 2505 667 2573 sacerdos,
677 2524 713 2563 ne
722 2503 923 2570 calumniandi,
935 2502 980 2580 gel
989 2497 1165 2578 suspicandi,

74 2598 160 2685 detur
177 2603 302 2680 occas-io.
345 2583 518 2662 Nori'debet
537 2604 669 2663 sacerdos
689 2602 898 2661 Eucharistiam
912 2587 1075 2664 ministrans
1090 2595 1167 2671 angi,
1240 2651 1242 2667 ,

76 2699 105 2754 si
117 2690 366 2786 videmtgunrpges
383 2711 462 2760 aetate
476 2703 522 2760 vel
540 2704 642 2760 mentis
663 2701 836 2768 infirmioris,
851 2696 996 2766 accedere,
1011 2715 1084 2765 quos
1104 2696 1168 2766 ipse

77 2804 158 2871 putat
179 2795 231 2853 vix
251 2795 370 2854 idoncos
395 2804 471 2854 tanto
498 2807 675 2854 sacramento
701 2791 905 2868 suscipiendo:
927 2790 973 2848 vel
999 2790 1069 2849 alios
1095 2807 1167 2863 quos

78 2894 194 2971 ignaros
208 2903 237 2952 et
249 2893 325 2952 haud
338 2895 390 2952 rite
403 2904 515 2970 paratos
527 2895 680 2961 arbitratur,
692 2902 720 2950 et
732 2910 805 2964 quos
816 2910 853 2949 ex
865 2890 1024 2967 ignorantia
1034 2899 1062 2946 et
1074 2905 1168 2947 errore

81 2993 218 3052 accedere
232 2994 367 3051 aestimat:
388 3012 454 3051 nam
469 2991 698 3070 praesumendum
712 3001 755 3048 est
768 3008 868 3048 omnes
877 2988 989 3067 judicio
1003 2987 1170 3047 confessarii

80 3093 192 3151 habitos
216 3111 280 3150 esse
307 3092 436 3160 idoneos,
458 3091 534 3165 quod
554 3110 667 3164 oequum
690 3088 864 3148 censendum
888 3098 940 3145 est.
983 3086 1124 3144 Caeterum
1145 3086 1171 3143 si

83 3191 244 3260 haereticos,
259 3191 305 3248 vel
319 3208 422 3267 pueros
436 3190 617 3249 consessione
630 3188 705 3248 haud
718 3190 859 3265 expiatos,
873 3188 918 3245 vel
938 3187 1041 3245 mentis
1055 3202 1171 3263 prorsus

83 3309 140 3349 non
155 3300 305 3368 compotes
319 3290 392 3348 inter
405 3290 636 3349 communionem
647 3298 829 3366 suscepturos
839 3287 961 3357 videret,
968 3305 1017 3345 eos
1031 3285 1172 3363 praeterire

84 3388 176 3448 debet.

124 3492 175 3546 39.
196 3487 244 3546 De
265 3487 423 3545 amentibus
439 3486 508 3545 dicit
528 3487 560 3544 S.
575 3485 726 3544 Thomas:
749 3486 879 3563 “legitur
898 3487 927 3544 in
941 3485 1063 3543 concilio
1083 3485 1173 3542 Arau-

88 3588 202 3646 sicano:
225 3587 403 3645 ‘amentibus
423 3603 610 3659 quecumque
630 3585 742 3661 pietatis
759 3594 835 3652 sunt,
850 3581 1022 3642 conferenda
1034 3581 1129 3640 sunt:’
1147 3588 1175 3636 et

89 3686 127 3742 ita
139 3693 184 3743 est
196 3687 239 3743 eis
259 3685 462 3744 conserendum
482 3684 538 3743 hoc
557 3693 785 3742 sacramentum:
807 3683 884 3758 quod
904 3690 948 3740 est
964 3685 1175 3738 sacramentum

90 3783 236 3860 pietatis.”
278 3785 424 3860 Deinceps
436 3783 585 3860 distinguit
592 3801 641 3840 eos
653 3785 702 3855 qui
712 3781 836 3843 debilem
844 3799 929 3839 usum
942 3778 1059 3836 rationis
1072 3776 1177 3832 habent

91 3883 125 3940 ab
149 3884 213 3942 aliis
234 3884 283 3956 qui
302 3902 337 3941 eo
359 3901 474 3960 semper
494 3891 652 3941 caruerunt.
695 3881 820 3955 “Aliqui
842 3879 974 3938 dicuntur
994 3892 1052 3932 non
1071 3872 1176 3930 habere

90 3999 175 4042 usum
198 3983 319 4042 rationis
342 3982 511 4060 dupliciter:
536 4000 593 4040 nno
615 3978 714 4047 modo,
735 3981 802 4055 quia
823 3978 928 4036 habent
949 3973 1073 4033 debilem
1092 3990 1176 4031 usum

362 4221 404 4286 (l)
423 4218 457 4268 iii.
468 4234 493 4284 p.
501 4234 542 4282 qu.
550 4218 619 4267 lxxx.
632 4222 676 4265 art
687 4215 719 4263 vi.
753 4212 829 4279 Resp.

368 4305 411 4371 (2)
431 4302 493 4368 Cap.
504 4302 534 4352 Si
543 4301 661 4360 sacerdos,
670 4299 700 4352 dc
710 4296 836 4366 cfficjud
847 4294 898 4347 ord.
