2640 4860
158 357 214 415 loo
503 346 891 407 unt-conrsssstona.

192 521 242 577 62.
264 515 356 575 Extra
368 533 468 573 causas
488 514 647 592 praedictas,
668 514 715 573 vel
735 515 804 572 alias
824 512 1001 592 hujusmodi,
1017 521 1037 549 “
1050 515 1100 587 qui
1119 515 1245 573 scienter

152 615 259 689 aliquid
273 616 404 683 retinent,
419 614 491 674 nihil
513 613 614 672 divina
635 614 753 672 bonitati
772 633 824 690 per
842 612 1021 672 sacerdotem
1040 613 1251 672 remittendum-

155 724 318 793 proponunt
329 709 376 770 :”¹
396 714 496 772 dolose
510 713 615 790 quippe
635 732 701 771 cum
723 712 789 771 Deo
811 732 895 790 agere
917 712 1061 780 videntur,
1075 724 1104 771 et
1123 713 1239 790 Spiritui

156 814 263 871 Sancto
276 814 399 871 mentiri.
441 813 589 871 'l'enentur
609 812 714 870 idcireo
728 812 856 870 confiteri
875 813 978 870 iterum
991 812 1090 870 omnia
1113 831 1173 885 quae
1192 809 1232 868 ad·

152 913 302 979 miserunt,
316 931 353 970 ex
367 931 425 985 quo
438 911 642 970 absolutionem
656 919 720 968 ante
734 911 855 969 celatum
873 911 1008 969 delictum
1023 919 1197 986 acceperant,
1210 918 1235 966 et

154 1012 245 1088 ipsam
259 1011 388 1070 fraudem
401 1020 429 1068 et
442 1010 621 1069 mendacium
635 1010 788 1086 imprimis.
831 1008 975 1068 Ceterum
990 1011 1016 1067 si
1030 1008 1106 1085 apud
1119 1008 1235 1069 eundem

154 1110 331 1169 sacerdotem
344 1110 487 1170 confessio
501 1110 558 1175 liat,
573 1110 619 1167 cui
639 1110 778 1185 generalis
799 1109 983 1167 conscientia
1006 1108 1135 1167 conditio
1155 1117 1236 1184 patet,

129 1241 132 1247 ·
154 1228 274 1269 necesse
288 1211 421 1277 nouerit,
431 1210 516 1287 juxta
526 1208 688 1284 plerosque,
703 1208 866 1284 singillatim
880 1208 978 1267 omnia
991 1208 1103 1275 iterare,
1112 1206 1164 1264 sed
1173 1208 1237 1264 satis

155 1310 208 1367 erit
221 1328 284 1383 quae
304 1310 411 1367 omissa
436 1318 504 1365 sunt
523 1307 638 1374 referre,
652 1317 681 1364 et
703 1307 794 1383 ipsius
817 1306 981 1365 omissionis
1001 1324 1033 1363 se
1060 1308 1199 1373 incusare,
1213 1316 1239 1362 et

156 1408 311 1487 generatim
326 1407 452 1465 omnium
467 1424 529 1479 qua
548 1406 609 1481 jam
623 1406 797 1464 confessario
811 1416 877 1463 sunt
896 1404 1055 1463 declarata:
1072 1404 1150 1478 quod
1165 1407 1239 1464 enim

156 1507 218 1565 aliar
232 1506 428 1565 consessiones
441 1504 707 1580 fuerintsacrilegae‚
719 1523 775 1563 non
787 1504 854 1561 facit
866 1513 897 1562 ut
910 1503 1000 1580 repeti
1012 1502 1145 1572 debeant,
1158 1522 1241 1577 quum

157 1606 261 1664 suerint
286 1604 516 1673 sacramentales,
536 1612 565 1660 et
590 1602 742 1661 accedente
768 1602 868 1661 dolore
889 1612 917 1659 et
938 1603 1037 1660 iterata
1064 1604 1240 1662 accusatione

155 1705 323 1781 generatim,
337 1704 481 1779 prebeant
493 1704 639 1761 materiam
661 1697 858 1761 absolutioni.²
892 1701 925 1758 Si
939 1701 1018 1760 alteri
1032 1700 1174 1760 sacerdoti
1194 1703 1239 1775 qui

157 1802 260 1859 delicta
272 1803 436 1879 poenitentis
450 1810 532 1860 antea
551 1820 610 1860 non
630 1801 748 1877 accepit,
762 1800 820 1870 fiat,
834 1820 907 1877 opus
927 1801 981 1858 erit
1000 1800 1099 1860 iterata
1119 1801 1240 1879 singulo-

156 1919 220 1961 rum
241 1902 434 1961 confessione.
476 1899 625 1976 Contingit
643 1898 795 1973 aliquando
820 1908 851 1956 ut
875 1909 1023 1976 peccatum
1049 1900 1203 1968 omittatur,
1216 1909 1241 1956 et

157 2001 293 2078 deinceps
305 2020 336 2060 re
355 2001 491 2059 oblivioni
512 1999 621 2065 tradita,
635 2000 710 2057 bona
723 1998 779 2056 fide
799 1998 943 2057 confessio
962 1998 1020 2067 fiat,
1034 2018 1089 2057 nec
1112 1999 1169 2058 nisi
1182 2008 1242 2076 post

157 2099 254 2176 plures
280 2117 380 2167 annos,
407 2097 573 2157 omissionis
599 2106 727 2156 occurrat
747 2098 899 2155 memoria:
935 2108 1002 2156 tuuc
1027 2099 1096 2156 satis
1118 2106 1163 2156 est
1181 2115 1241 2174 pec·

158 2207 218 2255 eata
231 2199 332 2257 iterum
355 2196 494 2263 confiteri,
510 2213 573 2269 qua
596 2195 731 2262 admissa,
745 2204 820 2264 sunt,
844 2196 913 2254 dum
933 2196 1008 2254 mala
1026 2196 1083 2254 fide
1106 2207 1240 2273 ageretur.

158 2293 238 2353 ldem
265 2292 419 2353 dicendum
439 2292 476 2375 de
495 2293 677 2353 consessione
697 2294 781 2352 aliam
805 2295 842 2353 ob
863 2296 1001 2354 rationem
1028 2296 1115 2363 irrita,
1139 2313 1239 2371 nempe

158 2391 234 2466 quod
248 2392 329 2450 dolor
340 2392 430 2453 animi
441 2390 604 2460 doluerunt
616 2394 794 2469 propositum
811 2413 892 2451 novae
907 2396 981 2462 vitae,
1003 2394 1048 2452 vel
1062 2395 1140 2468 quod
1153 2412 1240 2452 sacer·

159 2491 217 2550 doti
226 2490 423 2568 jurisdictione
436 2492 541 2551 carenti
554 2492 626 2550 lacta
646 2492 700 2550 sit:
724 2492 812 2550 simili
830 2492 946 2565 quidem
966 2501 1049 2569 pacto
1072 2492 1242 2571 reparandus

156 2574 348 2678 estjdelectus.

200 2695 248 2750 63.
272 2692 378 2750 Eidem
398 2691 568 2749 sacerdotia
591 2709 648 2763 quo
662 2690 802 2748 absolutio
823 2688 914 2758 datur,
928 2691 1037 2768 integra
1056 2691 1186 2751 facienda
1204 2700 1245 2749 est

160 2791 314 2858 confessio,
329 2809 395 2848 uam
415 2790 450 2848 de
464 2791 616 2867 poenitente
637 2789 721 2847 debet
735 2789 874 2866 judicare,
889 2789 1010 2863 ideoque
1030 2790 1146 2867 plenam
1166 2790 1244 2848 debet

159 2887 264 2949 habere
287 2890 481 2957 conscientiae,
503 2899 640 2961 quatenus
672 2889 849 2946 innotescere
876 2889 977 2964 possit,
998 2890 1147 2948 notitiam:
1171 2888 1244 2962 quod

159 2998 237 3063 patet
256 3007 294 3047 ex
313 3008 367 3047 usu
387 2997 415 3044 et
434 2989 597 3047 auctoritate
623 2987 773 3046 Ecclesia.
816 2988 875 3053 Qui
895 2989 980 3063 igitur
1002 2989 1081 3058 alteri
1106 2988 1244 3047 sacerdoti

159 3087 298 3159 quaedam,
314 3088 368 3145 alia
387 3087 467 3145 alteri
493 3088 626 3155 referunt,
647 3087 687 3144 nil
707 3086 866 3162 proficiunt,
881 3086 931 3144 sed
950 3087 1090 3162 sacrilegii
1103 3097 1190 3176 ⁸reatu
1209 3088 1244 3146 ob

157 3183 254 3243 dolum
268 3205 300 3243 se
314 3185 497 3261 adstringunt.
540 3186 597 3251 Qui
616 3196 732 3261 peecata
744 3186 840 3260 gravia
861 3188 959 3245 omnia
971 3185 1112 3245 sacerdoti
1132 3185 1242 3246 cuidam

157 3283 292 3350 referunt,
307 3292 335 3339 et
356 3284 532 3341 absolutione
552 3285 586 3340 ab
609 3302 644 3340 eo
664 3284 814 3353 donantur,
830 3285 965 3363 deinceps
984 3284 1018 3343 ad
1038 3286 1243 3344 confessarium

158 3389 326 3438 consuetum
338 3378 515 3448 accedentes,
525 3391 555 3438 ut
567 3382 665 3456 culpas
675 3383 796 3440 referant
805 3385 939 3452 veniales,
948 3386 977 3443 in
990 3402 1126 3459 magnum
1135 3403 1166 3442 se
1180 3403 1243 3443 con·

152 3479 256 3554 jiciunt
268 3478 439 3554 periculum,
450 3478 517 3536 dum
532 3498 590 3537 suae
604 3480 679 3556 apud
699 3481 776 3539 huuc
797 3483 974 3542 aestimationi
993 3484 1166 3541 consulunt:
1187 3501 1243 3541 non

158 3587 251 3636 tamen
262 3578 392 3635 videntur
401 3577 556 3653 repellendi
570 3598 586 3634 a
599 3580 745 3638 sacerdote
759 3591 906 3651 extraneo,
921 3602 957 3640 ne
972 3600 1036 3640 cum
1052 3593 1128 3640 certa
1141 3584 1240 3640 animae

157 3678 285 3754 pernicie
298 3677 417 3736 erimina
426 3677 528 3735 celent.
563 3678 621 3744 Qui
634 3688 729 3738 tamen
739 3691 948 3739 consueverunt
957 3681 1062 3756 saepius
1075 3682 1143 3749 labi,
1159 3692 1188 3739 et
1206 3681 1242 3737 ita

156 3778 211 3835 sibi
234 3779 392 3845 consulere,
408 3777 583 3837 sacerdotem
604 3788 754 3852 utrumque
777 3778 918 3848 adeundo,
939 3780 1064 3839 maxime
1087 3781 1243 3857 periclitan-

156 3884 209 3935 tur.

398 4065 441 4130 (l)
460 4063 537 4113 Cone.
549 4063 617 4114 Trid.
628 4063 693 4112 Sese.
704 4063 753 4112 xiv.
764 4079 816 4129 cap.
828 4079 851 4112 r.
863 4063 893 4115 de
903 4071 995 4132 poeatt.

404 4150 446 4214 (2)
467 4148 494 4197 S.
505 4149 580 4214 Alph.
592 4149 608 4198 l.
620 4148 651 4197 vi.
662 4163 689 4198 n.
700 4149 758 4197 602.
