2640 4860
297 412 354 472 DE
374 409 702 472 JURISDIGTIONE
725 409 1013 472 CONFESSARII.
1143 416 1199 472 197
1255 460 1260 469 .

109 580 222 648 mortis,
238 587 322 652 atque
336 578 400 638 ideo
414 597 513 638 omnes
527 579 688 637 sacerdotes
709 578 851 651 quoslibet
870 580 1039 656 prenitentes
1053 597 1069 635 a
1082 578 1198 652 quibus·

108 679 153 736 vis
173 679 297 754 peccatis
323 679 497 737 et‘censuris
524 679 670 736 absolvere
692 673 849 753 possint.’'¹
892 675 1033 735 Ceterum
1060 678 1193 736 sacerdos

111 775 189 834 haud
202 777 385 854 approbatus,
400 776 444 835 vel
457 795 577 835 censura
590 776 684 849 aliqua
697 777 829 843 irretitus,
844 794 902 834 non
915 774 997 833 debet
1009 795 1041 834 se
1061 777 1199 854 ingerere,

109 876 136 933 si
149 876 234 952 copia
246 877 284 934 sit
296 875 464 934 confessarii
477 876 625 952 approbati
636 867 661 932 :²
679 894 744 934 nam
764 877 847 952 juxta
869 874 1020 950 plerosque
1039 874 1200 952 jurisdictio

110 992 170 1033 non
182 973 265 1033 datur
278 975 334 1033 nisi
346 975 383 1032 ob
394 976 603 1040 necessitatem,
625 993 688 1047 qua·
713 973 790 1031 nulla
810 982 864 1040 est,
878 982 1017 1048 praeseute
1032 974 1199 1050 presbytero

113 1075 281 1149 approbato.
312 1072 480 1150 Disputatur
492 1085 585 1132 utrum
600 1072 724 1130 haeretici
738 1082 766 1129 et
778 1072 964 1138 schismatici,
980 1072 1029 1145 qui
1042 1071 1200 1131 sacerdotio

111 1171 218 1229 fuerint
229 1172 367 1248 insigniti,
377 1170 575 1248 jurisdictione
589 1173 619 1230 in
635 1172 732 1229 mortis
746 1172 863 1230 articulo
878 1171 1038 1248 potianturr
1061 1170 1111 1228 sed
1125 1170 1200 1247 apud

112 1290 166 1329 nos
180 1272 302 1343 questio
321 1270 384 1328 htec
396 1271 502 1328 nullius
525 1280 569 1328 est
587 1271 726 1329 momenti
749 1289 835 1343 quum
857 1289 939 1328 sacro
959 1269 1058 1328 ordine
1078 1278 1200 1328 careant.

112 1368 159 1428 De
173 1369 317 1427 sacerdote
330 1388 482 1445 suspenso,
496 1369 542 1428 vel
555 1369 814 1437 excommunicato,
835 1370 883 1442 qui
897 1371 981 1428 etiam
1002 1368 1038 1427 ad
1051 1369 1200 1427 haercticos

112 1466 258 1538 deiecerit,
273 1470 361 1540 quaeri
374 1477 476 1544 potest.
518 1469 673 1528 Affirmans
693 1469 775 1526 nobis
798 1470 936 1526 sententia
958 1468 1099 1544 probatur,
1114 1485 1201 1539 quum

112 1567 185 1625 ratio
198 1569 332 1635 obtineat,
347 1565 424 1640 quod
437 1568 521 1625 saluti
534 1566 732 1625 decedentium
746 1566 955 1625 consulendum
974 1568 1021 1634 sit,
1044 1566 1200 1626 dummodo

116 1677 211 1724 tamen
226 1668 275 1725 fiat
295 1667 401 1738 absque
415 1665 555 1725 Ecclesiae
567 1667 681 1744 injuria,
703 1684 766 1739 quae
786 1667 972 1744 contingeret,
986 1667 1011 1723 si
1025 1667 1201 1724 consortium

113 1783 180 1822 cum
193 1765 333 1824 haereticis
343 1765 373 1823 in
385 1765 469 1822 rebus
480 1767 569 1824 sacris
583 1765 734 1824 foveretur.
755 1765 899 1823 Articulus
913 1775 1006 1824 autem
1021 1767 1120 1824 mortis
1134 1783 1200 1823 oen·

113 1873 192 1921 setur
205 1883 289 1941 grave
302 1865 401 1922 mortis
416 1859 599 1940 periculum.³
640 1864 742 1922 “Tale
763 1873 855 1921 autem
883 1863 1040 1940 periculum
1067 1874 1199 1922 censetur

114 1961 215 2020 adesse
227 1964 257 2020 in
271 1963 378 2039 praelio,
395 1965 423 2020 in
443 1962 529 2040 longa
542 1965 731 2040 navigatione,
755 1965 784 2021 in
805 1963 914 2021 difficili
937 1972 1028 2038 partu,
1052 1963 1080 2020 in
1102 1964 1201 2022 morbo

112 2061 274 2136 periculoso
294 2070 322 2119 et
340 2062 491 2120 similibus.
532 2062 614 2121 ldem
628 2061 663 2120 de
683 2081 718 2121 eo
738 2063 787 2136 qui
807 2063 899 2120 estin
919 2063 1045 2141 periculo
1065 2062 1203 2138 probabili

114 2159 259 2218 incidendi
272 2161 301 2219 in
316 2156 518 2219 amentiam.''⁴

156 2262 224 2316 149.
246 2259 376 2335 Simplex
390 2259 522 2318 sacerdos
536 2269 631 2336 potest
649 2260 807 2328 absolvere,
830 2263 915 2319 etiam
939 2270 1078 2338 praeseute
1101 2278 1202 2337 appro-

114 2359 190 2425 bato,
206 2357 230 2415 Ι.
253 2356 285 2415 Si
298 2359 468 2435 approbatus
490 2360 587 2427 nollet,
609 2358 655 2415 vel
676 2378 732 2418 non
756 2371 856 2435 posset
868 2360 965 2418 audire
980 2361 1199 2419 confessionem.

114 2457 154 2515 ll.
176 2457 209 2515 Si
224 2459 393 2533 approbatus
407 2459 445 2515 sit
457 2459 732 2526 excommunicatus,
754 2457 799 2515 vel
819 2477 988 2536 suspensus,
1010 2461 1076 2532 quia
1090 2459 1202 2535 prefer·

118 2556 210 2614 endus
224 2563 267 2611 est
280 2557 329 2629 qui
342 2556 420 2615 nulla
432 2557 555 2616 irretitur
568 2575 696 2615 censura.
738 2555 794 2615 lll.
816 2557 849 2614 Si
863 2558 1034 2633 approbatus
1048 2557 1085 2614 sit
1105 2556 1203 2614 alienae

119 2654 264 2722 dioecesis,
279 2655 370 2727 quiin
385 2655 502 2714 dioecesi
523 2653 683 2714 moribundi
696 2672 754 2712 non
767 2654 853 2713 habet
868 2653 1108 2732 jurisdictionem.
1150 2652 1204 2711 lV.

115 2754 148 2811 Si
164 2752 346 2812 moribundus
368 2754 450 2812 valde
471 2755 504 2812 ab
525 2755 680 2831 approbato
701 2753 857 2822 abhorreat,
879 2754 941 2830 ejus
955 2755 1033 2811 enim
1046 2752 1203 2811 infirmitati

113 2854 161 2929 pia
176 2861 266 2909 mater
278 2852 411 2912 Ecclesia
430 2853 654 2911 subveniendum
669 2860 758 2927 optat.
800 2853 838 2910 V.
860 2853 894 2910 Si
906 2852 1022 2927 coeperit
1030 2852 1093 2928 jam
1106 2849 1203 2908 audire

112 2950 333 3019 consessionem,
341 2961 406 3010 ante
415 2953 561 3029 approbati
572 2952 735 3018 adventum,
742 2949 883 3028 judicium
894 2950 969 3008 enim
980 2948 1071 3007 semel
1079 2958 1203 3025 coeptum

113 3047 320 3126 perficiendum
335 3060 388 3108 est.
428 3048 482 3109 Vl.
505 3050 538 3107 Si
551 3050 722 3126 approbatus
735 3049 820 3107 fuerit
831 3048 974 3125 complex.

156 3152 224 3205 150.
247 3147 399 3225 Excipitur
410 3167 492 3206 casus
506 3149 536 3207 in
550 3168 607 3221 quo
619 3147 806 3206 moribundus
816 3166 936 3206 censura
946 3155 1088 3204 reservata
1099 3145 1202 3223 ligatus

114 3249 163 3314 sit,
179 3255 246 3305 tunc
260 3247 337 3305 euim
357 3248 382 3304 si
403 3265 529 3323 praesens
547 3248 585 3304 sit
603 3247 744 3322 superior,
759 3267 775 3304 a
789 3265 845 3319 quo
858 3247 932 3305 solvi
946 3247 1048 3323 possit,
1062 3244 1145 3302 debet
1158 3245 1204 3303 ab·

113 3347 287 3404 solutionem
302 3365 318 3402 a
332 3364 452 3403 censura
465 3346 544 3422 prius
558 3357 665 3422 petere;
681 3364 746 3403 nam
767 3347 802 3403 ab
823 3345 878 3404 alio
899 3345 1006 3404 absolvi
1026 3363 1085 3403 non
1097 3354 1202 3421 potest,

114 3444 172 3502 nisi
181 3444 236 3501 sub
248 3443 413 3502 conditione
423 3463 454 3501 se
465 3442 653 3520 praesentandi
664 3445 821 3519 Superiori,
833 3445 886 3502 sub
899 3464 982 3522 poena
992 3444 1203 3503 reincidentiae:

115 3542 238 3616 ideoque
252 3542 317 3600 data
325 3543 386 3619 jam
400 3542 495 3619 copia,
509 3541 593 3601 debet
605 3562 640 3600 ea
652 3544 703 3610 uti,
716 3554 743 3600 et
756 3542 891 3620 deinceps
903 3545 1040 3620 perficere
1050 3543 1207 3601 confessio·

115 3659 192 3700 nem.
236 3641 269 3698 Si
282 3641 463 3700 confessione
485 3651 599 3718 peracta
618 3643 799 3718 superveniat
818 3643 950 3701 sacerdos
974 3643 1156 3718 approbatus,
1178 3647 1206 3696 et

114 3741 258 3817 poenitens
285 3741 394 3816 peccati
415 3739 492 3814 quod
514 3741 650 3799 omiserat
669 3741 838 3808 recordetur,
859 3739 944 3797 debet
966 3740 1119 3815 approbato
1134 3734 1205 3794 illud

116 3839 257 3908 confiteri,
272 3839 339 3912 quia
347 3839 489 3917 judicium
504 3840 580 3898 aliud
594 3840 754 3898 absolutum
763 3840 824 3916 jam
840 3847 892 3904 est,
904 3847 933 3894 et
945 3835 1099 3894 necessitas
1113 3852 1205 3891 recur-

116 3938 198 3996 rendi
212 3938 248 3997 ad
262 3938 349 3996 alium
363 3938 454 3996 desiit.

159 4041 227 4099 151.
250 4038 283 4095 Si
297 4055 422 4095 censurae
442 4046 591 4096 reservato
611 4037 670 4095 sint
690 4035 789 4112 Papae,
810 4031 944 4105 queritur
957 4039 1050 4089 utrum
1064 4028 1205 4106 poenitens

323 4193 365 4258 (1)
384 4191 449 4242 Sess.
459 4192 509 4242 xiv.
518 4207 570 4256 cap.
583 4191 623 4240 rii.
827 4190 869 4255 (2)
889 4186 938 4238 itit.
948 4186 1020 4236 Rom.

321 4278 362 4342 (3)
384 4276 414 4326 Ο.
427 4276 455 4326 Si
466 4276 521 4340 quis
532 4275 648 4326 suadente
658 4274 727 4325 xxix.
738 4289 804 4324 cous.
815 4272 874 4322 xvii.
885 4287 926 4338 qu.
937 4271 969 4320 iv.

323 4362 365 4432 (t)
384 4362 410 4410 S.
421 4362 497 4428 Alph.
508 4362 523 4412 l.
535 4361 567 4411 vi.
578 4377 603 4412 n.
615 4363 673 4409 561.

637 4443 673 4500 ts
684 4443 700 4477 ⁴⁵
