<?xml version="1.0" encoding="UTF-8"?>
<!DOCTYPE html PUBLIC "-//W3C//DTD XHTML 1.0 Transitional//EN"
    "http://www.w3.org/TR/xhtml1/DTD/xhtml1-transitional.dtd">
<html xmlns="http://www.w3.org/1999/xhtml" xml:lang="en" lang="en">
 <head>
  <title>
</title>
<meta http-equiv="Content-Type" content="text/html;charset=utf-8" />
  <meta name='ocr-system' content='tesseract 3.04.00' />
  <meta name='ocr-capabilities' content='ocr_page ocr_carea ocr_par ocr_line ocrx_word'/>
</head>
<body>
  <div class='ocr_page' id='page_1' title='image "./theologiaemoral01kenrgoog_0145.png"; bbox 0 0 2640 4860; ppageno 0'>
   <div class='ocr_carea' id='block_1_1' title="bbox 404 368 910 434">
    <p class='ocr_par' dir='ltr' id='par_1_1' title="bbox 404 368 910 434">
     <span class='ocr_line' id='line_1_1' title="bbox 404 368 910 434; baseline -0.008 0"><span class='ocrx_word' id='word_1_1' title='bbox 404 372 462 434; x_wconf 81' lang='lat' dir='ltr'><strong>DE</strong></span> <span class='ocrx_word' id='word_1_2' title='bbox 483 372 609 433; x_wconf 78' lang='lat' dir='ltr'><strong>tssssu</strong></span> <span class='ocrx_word' id='word_1_3' title='bbox 629 368 910 433; x_wconf 71' lang='lat' dir='ltr'><strong>irruerunt.</strong></span> 
     </span>
    </p>
   </div>
   <div class='ocr_carea' id='block_1_2' title="bbox 546 945 764 1005">
    <p class='ocr_par' dir='ltr' id='par_1_2' title="bbox 546 945 764 1005">
     <span class='ocr_line' id='line_1_2' title="bbox 546 945 764 1005; baseline 0.009 -2"><span class='ocrx_word' id='word_1_4' title='bbox 546 945 689 1004; x_wconf 78' lang='lat' dir='ltr'><strong>ctPtJT</strong></span> <span class='ocrx_word' id='word_1_5' title='bbox 710 946 764 1005; x_wconf 83' lang='lat' dir='ltr'><strong>vl.</strong></span> 
     </span>
    </p>
   </div>
   <div class='ocr_carea' id='block_1_3' title="bbox 477 1162 838 1203">
    <p class='ocr_par' dir='ltr' id='par_1_3' title="bbox 477 1162 838 1203">
     <span class='ocr_line' id='line_1_3' title="bbox 477 1162 838 1203; baseline 0.003 -1"><span class='ocrx_word' id='word_1_6' title='bbox 477 1162 515 1202; x_wconf 73' lang='lat' dir='ltr'><strong>DE</strong></span> <span class='ocrx_word' id='word_1_7' title='bbox 537 1162 623 1202; x_wconf 70' lang='lat' dir='ltr'><strong>trisse</strong></span> <span class='ocrx_word' id='word_1_8' title='bbox 642 1162 838 1203; x_wconf 65' lang='lat' dir='ltr'><strong>tentemus.</strong></span> 
     </span>
    </p>
   </div>
   <div class='ocr_carea' id='block_1_4' title="bbox 67 1321 1213 3687">
    <p class='ocr_par' dir='ltr' id='par_1_4' title="bbox 110 1321 1213 2677">
     <span class='ocr_line' id='line_1_4' title="bbox 156 1321 1213 1390; baseline -0.004 -4"><span class='ocrx_word' id='word_1_9' title='bbox 156 1332 222 1386; x_wconf 75' lang='lat'><strong>142.</strong></span> <span class='ocrx_word' id='word_1_10' title='bbox 244 1327 293 1385; x_wconf 85' lang='lat' dir='ltr'><strong>Ex</strong></span> <span class='ocrx_word' id='word_1_11' title='bbox 313 1325 400 1383; x_wconf 87' lang='lat' dir='ltr'><strong>veteri</strong></span> <span class='ocrx_word' id='word_1_12' title='bbox 422 1340 501 1381; x_wconf 90' lang='lat' dir='ltr'><strong>more</strong></span> <span class='ocrx_word' id='word_1_13' title='bbox 514 1322 672 1381; x_wconf 88' lang='lat' dir='ltr'><strong>oblationes</strong></span> <span class='ocrx_word' id='word_1_14' title='bbox 686 1324 716 1381; x_wconf 93' lang='lat' dir='ltr'><strong>in</strong></span> <span class='ocrx_word' id='word_1_15' title='bbox 735 1324 829 1383; x_wconf 87' lang='lat' dir='ltr'><strong>Missa</strong></span> <span class='ocrx_word' id='word_1_16' title='bbox 842 1321 976 1390; x_wconf 84' lang='lat' dir='ltr'><strong>faciendi,</strong></span> <span class='ocrx_word' id='word_1_17' title='bbox 992 1323 1116 1381; x_wconf 89' lang='lat' dir='ltr'><strong>manavit</strong></span> <span class='ocrx_word' id='word_1_18' title='bbox 1136 1341 1213 1382; x_wconf 68' lang='grc' dir='ltr'><strong>σοιν</strong></span> 
     </span>
     <span class='ocr_line' id='line_1_5' title="bbox 112 1421 1213 1500; baseline -0.008 -12"><span class='ocrx_word' id='word_1_19' title='bbox 112 1427 234 1487; x_wconf 83' lang='lat' dir='ltr'><strong>suetudo</strong></span> <span class='ocrx_word' id='word_1_20' title='bbox 247 1426 460 1500; x_wconf 80' lang='lat' dir='ltr'><strong>eleemosynam</strong></span> <span class='ocrx_word' id='word_1_21' title='bbox 474 1422 614 1480; x_wconf 88' lang='lat' dir='ltr'><strong>tribuendi</strong></span> <span class='ocrx_word' id='word_1_22' title='bbox 627 1421 765 1482; x_wconf 87' lang='lat' dir='ltr'><strong>sacerdoti</strong></span> <span class='ocrx_word' id='word_1_23' title='bbox 778 1442 813 1481; x_wconf 88' lang='lat' dir='ltr'><strong>ea</strong></span> <span class='ocrx_word' id='word_1_24' title='bbox 826 1422 991 1482; x_wconf 85' lang='lat' dir='ltr'><strong>conditione</strong></span> <span class='ocrx_word' id='word_1_25' title='bbox 1002 1431 1033 1479; x_wconf 91' lang='lat' dir='ltr'><strong>ut</strong></span> <span class='ocrx_word' id='word_1_26' title='bbox 1045 1422 1213 1499; x_wconf 77' lang='lat' dir='ltr'><strong>specialitet</strong></span> 
     </span>
     <span class='ocr_line' id='line_1_6' title="bbox 113 1521 1213 1604; baseline -0.003 -20"><span class='ocrx_word' id='word_1_27' title='bbox 113 1527 267 1604; x_wconf 85' lang='lat' dir='ltr'>applicaret</span> <span class='ocrx_word' id='word_1_28' title='bbox 280 1524 403 1582; x_wconf 80' lang='lat' dir='ltr'>Missam</span> <span class='ocrx_word' id='word_1_29' title='bbox 413 1523 497 1599; x_wconf 81' lang='lat' dir='ltr'><strong>juxta</strong></span> <span class='ocrx_word' id='word_1_30' title='bbox 510 1522 696 1581; x_wconf 89' lang='lat' dir='ltr'><strong>intentionem</strong></span> <span class='ocrx_word' id='word_1_31' title='bbox 717 1521 827 1581; x_wconf 89' lang='lat' dir='ltr'><strong>dantis:</strong></span> <span class='ocrx_word' id='word_1_32' title='bbox 842 1541 908 1581; x_wconf 92' lang='lat' dir='ltr'><strong>nam</strong></span> <span class='ocrx_word' id='word_1_33' title='bbox 930 1530 1034 1599; x_wconf 85' lang='lat' dir='ltr'><strong>praeter</strong></span> <span class='ocrx_word' id='word_1_34' title='bbox 1055 1523 1213 1581; x_wconf 74' lang='lat' dir='ltr'><strong>utilitatem</strong></span> 
     </span>
     <span class='ocr_line' id='line_1_7' title="bbox 114 1620 1203 1698; baseline -0.004 -16"><span class='ocrx_word' id='word_1_35' title='bbox 114 1627 164 1685; x_wconf 91' lang='lat' dir='ltr'><strong>toti</strong></span> <span class='ocrx_word' id='word_1_36' title='bbox 177 1625 317 1685; x_wconf 76' lang='lat' dir='ltr'><strong>Ecclesia</strong></span> <span class='ocrx_word' id='word_1_37' title='bbox 337 1633 367 1681; x_wconf 91' lang='lat' dir='ltr'><strong>et</strong></span> <span class='ocrx_word' id='word_1_38' title='bbox 391 1620 531 1680; x_wconf 85' lang='lat' dir='ltr'><strong>sacerdoti</strong></span> <span class='ocrx_word' id='word_1_39' title='bbox 550 1621 608 1698; x_wconf 89' lang='lat' dir='ltr'><strong>ipsi</strong></span> <span class='ocrx_word' id='word_1_40' title='bbox 627 1639 664 1679; x_wconf 87' lang='lat' dir='ltr'><strong>ex</strong></span> <span class='ocrx_word' id='word_1_41' title='bbox 683 1622 817 1681; x_wconf 87' lang='lat' dir='ltr'><strong>sacrificii</strong></span> <span class='ocrx_word' id='word_1_42' title='bbox 837 1622 979 1682; x_wconf 89' lang='lat' dir='ltr'><strong>oblatione</strong></span> <span class='ocrx_word' id='word_1_43' title='bbox 992 1621 1203 1688; x_wconf 73' lang='lat' dir='ltr'><strong>obvenientem.</strong></span> 
     </span>
     <span class='ocr_line' id='line_1_8' title="bbox 112 1720 1200 1800; baseline -0.004 -19"><span class='ocrx_word' id='word_1_44' title='bbox 112 1724 246 1800; x_wconf 85' lang='lat' dir='ltr'><strong>specialis</strong></span> <span class='ocrx_word' id='word_1_45' title='bbox 260 1724 394 1800; x_wconf 86' lang='lat' dir='ltr'><strong>provenit</strong></span> <span class='ocrx_word' id='word_1_46' title='bbox 405 1722 513 1781; x_wconf 80' lang='lat' dir='ltr'><strong>fruetus</strong></span> <span class='ocrx_word' id='word_1_47' title='bbox 524 1720 614 1797; x_wconf 85' lang='lat' dir='ltr'><strong>cipro</strong></span> <span class='ocrx_word' id='word_1_48' title='bbox 628 1740 686 1795; x_wconf 90' lang='lat' dir='ltr'><strong>quo</strong></span> <span class='ocrx_word' id='word_1_49' title='bbox 699 1721 826 1780; x_wconf 85' lang='lat' dir='ltr'><strong>offertur.</strong></span> <span class='ocrx_word' id='word_1_50' title='bbox 856 1721 890 1780; x_wconf 92' lang='lat' dir='ltr'><strong>Id</strong></span> <span class='ocrx_word' id='word_1_51' title='bbox 904 1720 960 1779; x_wconf 93' lang='lat' dir='ltr'><strong>Dei</strong></span> <span class='ocrx_word' id='word_1_52' title='bbox 974 1721 1004 1778; x_wconf 90' lang='lat' dir='ltr'><strong>in</strong></span> <span class='ocrx_word' id='word_1_53' title='bbox 1015 1720 1200 1796; x_wconf 79' lang='lat' dir='ltr'><strong>autiqualege</strong></span> 
     </span>
     <span class='ocr_line' id='line_1_9' title="bbox 112 1820 1201 1897; baseline -0.004 -16"><span class='ocrx_word' id='word_1_54' title='bbox 112 1824 248 1882; x_wconf 86' lang='lat' dir='ltr'><strong>institutis</strong></span> <span class='ocrx_word' id='word_1_55' title='bbox 262 1821 425 1891; x_wconf 89' lang='lat' dir='ltr'><strong>concordat,</strong></span> <span class='ocrx_word' id='word_1_56' title='bbox 439 1839 496 1893; x_wconf 90' lang='lat' dir='ltr'><strong>quo</strong></span> <span class='ocrx_word' id='word_1_57' title='bbox 516 1821 650 1897; x_wconf 88' lang='lat' dir='ltr'><strong>exemplo</strong></span> <span class='ocrx_word' id='word_1_58' title='bbox 663 1838 732 1881; x_wconf 82' lang='lat' dir='ltr'><strong>usus</strong></span> <span class='ocrx_word' id='word_1_59' title='bbox 744 1830 790 1880; x_wconf 89' lang='lat' dir='ltr'><strong>est</strong></span> <span class='ocrx_word' id='word_1_60' title='bbox 808 1820 977 1897; x_wconf 79' lang='lat' dir='ltr'><strong>Apostolus,</strong></span> <span class='ocrx_word' id='word_1_61' title='bbox 991 1828 1022 1878; x_wconf 94' lang='lat' dir='ltr'><strong>ut</strong></span> <span class='ocrx_word' id='word_1_62' title='bbox 1042 1821 1201 1879; x_wconf 80' lang='lat' dir='ltr'><strong>ostenderet</strong></span> 
     </span>
     <span class='ocr_line' id='line_1_10' title="bbox 112 1919 1197 1997; baseline -0.005 -15"><span class='ocrx_word' id='word_1_63' title='bbox 112 1924 212 1983; x_wconf 84' lang='lat' dir='ltr'><strong>fideles</strong></span> <span class='ocrx_word' id='word_1_64' title='bbox 232 1922 335 1982; x_wconf 89' lang='lat' dir='ltr'><strong>dobere</strong></span> <span class='ocrx_word' id='word_1_65' title='bbox 355 1923 442 1980; x_wconf 77' lang='lat' dir='ltr'><strong>saone</strong></span> <span class='ocrx_word' id='word_1_66' title='bbox 469 1920 606 1978; x_wconf 82' lang='lat' dir='ltr'><strong>ministris</strong></span> <span class='ocrx_word' id='word_1_67' title='bbox 630 1928 763 1997; x_wconf 78' lang='lat' dir='ltr'><strong>prestare</strong></span> <span class='ocrx_word' id='word_1_68' title='bbox 783 1920 945 1980; x_wconf 85' lang='lat' dir='ltr'><strong>necessaria</strong></span> <span class='ocrx_word' id='word_1_69' title='bbox 966 1920 1032 1977; x_wconf 83' lang='lat' dir='ltr'><strong>vitae</strong></span> <span class='ocrx_word' id='word_1_70' title='bbox 1056 1919 1197 1979; x_wconf 86' lang='lat' dir='ltr'><strong>subsidia:</strong></span> 
     </span>
     <span class='ocr_line' id='line_1_11' title="bbox 113 2019 1201 2096; baseline -0.006 -14"><span class='ocrx_word' id='word_1_71' title='bbox 113 2024 273 2082; x_wconf 85' lang='lat' dir='ltr'><strong>“Nescitis</strong></span> <span class='ocrx_word' id='word_1_72' title='bbox 287 2023 422 2095; x_wconf 89' lang='lat' dir='ltr'><strong>quoniam</strong></span> <span class='ocrx_word' id='word_1_73' title='bbox 444 2019 494 2093; x_wconf 89' lang='lat' dir='ltr'><strong>qui</strong></span> <span class='ocrx_word' id='word_1_74' title='bbox 507 2019 536 2076; x_wconf 92' lang='lat' dir='ltr'><strong>in</strong></span> <span class='ocrx_word' id='word_1_75' title='bbox 549 2021 669 2077; x_wconf 87' lang='lat' dir='ltr'><strong>sacrario</strong></span> <span class='ocrx_word' id='word_1_76' title='bbox 682 2032 844 2096; x_wconf 87' lang='lat' dir='ltr'><strong>operantur,</strong></span> <span class='ocrx_word' id='word_1_77' title='bbox 859 2038 923 2094; x_wconf 86' lang='lat' dir='ltr'><strong>quae</strong></span> <span class='ocrx_word' id='word_1_78' title='bbox 936 2019 972 2078; x_wconf 89' lang='lat' dir='ltr'><strong>de</strong></span> <span class='ocrx_word' id='word_1_79' title='bbox 994 2021 1119 2079; x_wconf 84' lang='lat' dir='ltr'><strong>sacrario</strong></span> <span class='ocrx_word' id='word_1_80' title='bbox 1138 2027 1201 2077; x_wconf 89' lang='lat' dir='ltr'><strong>suut</strong></span> 
     </span>
     <span class='ocr_line' id='line_1_12' title="bbox 113 2113 1202 2197; baseline -0.002 -17"><span class='ocrx_word' id='word_1_81' title='bbox 113 2122 218 2189; x_wconf 91' lang='lat' dir='ltr'><strong>eduut;</strong></span> <span class='ocrx_word' id='word_1_82' title='bbox 238 2131 267 2179; x_wconf 93' lang='lat' dir='ltr'><strong>et</strong></span> <span class='ocrx_word' id='word_1_83' title='bbox 292 2122 342 2192; x_wconf 92' lang='lat' dir='ltr'><strong>qui</strong></span> <span class='ocrx_word' id='word_1_84' title='bbox 364 2118 444 2178; x_wconf 90' lang='lat' dir='ltr'><strong>altari</strong></span> <span class='ocrx_word' id='word_1_85' title='bbox 470 2117 644 2187; x_wconf 85' lang='lat' dir='ltr'><strong>deserviunt,</strong></span> <span class='ocrx_word' id='word_1_86' title='bbox 665 2120 837 2179; x_wconf 78' lang='lat' dir='ltr'><strong>cumaltari</strong></span> <span class='ocrx_word' id='word_1_87' title='bbox 862 2113 1095 2196; x_wconf 80' lang='lat' dir='ltr'><strong>participantt”¹</strong></span> <span class='ocrx_word' id='word_1_88' title='bbox 1126 2118 1202 2197; x_wconf 76' lang='lat' dir='ltr'><strong>Lege</strong></span> 
     </span>
     <span class='ocr_line' id='line_1_13' title="bbox 112 2215 1202 2295; baseline 0.001 -19"><span class='ocrx_word' id='word_1_89' title='bbox 112 2230 218 2285; x_wconf 85' lang='lat' dir='ltr'><strong>autem,</strong></span> <span class='ocrx_word' id='word_1_90' title='bbox 232 2219 276 2276; x_wconf 89' lang='lat' dir='ltr'><strong>vel</strong></span> <span class='ocrx_word' id='word_1_91' title='bbox 298 2215 514 2284; x_wconf 87' lang='lat' dir='ltr'><strong>cousuetudine,</strong></span> <span class='ocrx_word' id='word_1_92' title='bbox 536 2218 722 2294; x_wconf 80' lang='lat' dir='ltr'><strong>eleemosyna</strong></span> <span class='ocrx_word' id='word_1_93' title='bbox 738 2219 787 2277; x_wconf 91' lang='lat' dir='ltr'><strong>illa</strong></span> <span class='ocrx_word' id='word_1_94' title='bbox 805 2220 949 2287; x_wconf 86' lang='lat' dir='ltr'><strong>definitur,</strong></span> <span class='ocrx_word' id='word_1_95' title='bbox 968 2237 1032 2292; x_wconf 85' lang='lat' dir='ltr'><strong>quae</strong></span> <span class='ocrx_word' id='word_1_96' title='bbox 1056 2218 1132 2295; x_wconf 89' lang='lat' dir='ltr'><strong>apud</strong></span> <span class='ocrx_word' id='word_1_97' title='bbox 1152 2235 1202 2277; x_wconf 82' lang='lat' dir='ltr'><strong>nos</strong></span> 
     </span>
     <span class='ocr_line' id='line_1_14' title="bbox 112 2317 1200 2396; baseline -0.002 -21"><span class='ocrx_word' id='word_1_98' title='bbox 112 2317 231 2377; x_wconf 89' lang='lat' dir='ltr'><strong>dimidio</strong></span> <span class='ocrx_word' id='word_1_99' title='bbox 263 2336 383 2375; x_wconf 90' lang='lat' dir='ltr'><strong>nummo</strong></span> <span class='ocrx_word' id='word_1_100' title='bbox 409 2326 553 2393; x_wconf 84' lang='lat' dir='ltr'><strong>argenteo,</strong></span> <span class='ocrx_word' id='word_1_101' title='bbox 580 2318 786 2396; x_wconf 83' lang='lat' dir='ltr'><strong>quinquaginta</strong></span> <span class='ocrx_word' id='word_1_102' title='bbox 811 2320 923 2378; x_wconf 90' lang='lat' dir='ltr'><strong>scilicet</strong></span> <span class='ocrx_word' id='word_1_103' title='bbox 951 2318 1058 2386; x_wconf 85' lang='lat' dir='ltr'><strong>obolis,</strong></span> <span class='ocrx_word' id='word_1_104' title='bbox 1082 2326 1200 2377; x_wconf 90' lang='lat' dir='ltr'><strong>constat.</strong></span> 
     </span>
     <span class='ocr_line' id='line_1_15' title="bbox 113 2415 1201 2496; baseline 0.001 -22"><span class='ocrx_word' id='word_1_105' title='bbox 113 2427 132 2452; x_wconf 79' lang='lat'><strong>‘⁶</strong></span> <span class='ocrx_word' id='word_1_106' title='bbox 141 2415 317 2484; x_wconf 87' lang='lat' dir='ltr'><strong>Sacerdos‚&#39;’</strong></span> <span class='ocrx_word' id='word_1_107' title='bbox 333 2416 427 2489; x_wconf 90' lang='lat' dir='ltr'><strong>inquit</strong></span> <span class='ocrx_word' id='word_1_108' title='bbox 439 2416 471 2473; x_wconf 86' lang='lat' dir='ltr'><strong>S.</strong></span> <span class='ocrx_word' id='word_1_109' title='bbox 487 2416 629 2485; x_wconf 83' lang='lat' dir='ltr'><strong>Thomas,</strong></span> <span class='ocrx_word' id='word_1_110' title='bbox 645 2425 733 2477; x_wconf 88' lang='lat' dir='ltr'><strong>“non</strong></span> <span class='ocrx_word' id='word_1_111' title='bbox 747 2420 848 2496; x_wconf 87' lang='lat' dir='ltr'><strong>accipit</strong></span> <span class='ocrx_word' id='word_1_112' title='bbox 860 2418 1014 2496; x_wconf 84' lang='lat' dir='ltr'><strong>pecuniam</strong></span> <span class='ocrx_word' id='word_1_113' title='bbox 1028 2425 1060 2475; x_wconf 90' lang='lat' dir='ltr'><strong>ut</strong></span> <span class='ocrx_word' id='word_1_114' title='bbox 1081 2418 1201 2494; x_wconf 88' lang='lat' dir='ltr'><strong>pretium</strong></span> 
     </span>
     <span class='ocr_line' id='line_1_16' title="bbox 111 2515 1202 2595; baseline 0 -20"><span class='ocrx_word' id='word_1_115' title='bbox 111 2517 334 2576; x_wconf 81' lang='lat' dir='ltr'><strong>consecrationis</strong></span> <span class='ocrx_word' id='word_1_116' title='bbox 354 2515 543 2575; x_wconf 78' lang='lat' dir='ltr'><strong>Eucharistiae</strong></span> <span class='ocrx_word' id='word_1_117' title='bbox 557 2517 612 2576; x_wconf 90' lang='lat' dir='ltr'><strong>hoc</strong></span> <span class='ocrx_word' id='word_1_118' title='bbox 625 2519 704 2577; x_wconf 89' lang='lat' dir='ltr'><strong>euim</strong></span> <span class='ocrx_word' id='word_1_119' title='bbox 717 2518 919 2587; x_wconf 85' lang='lat' dir='ltr'><strong>simoniacum,</strong></span> <span class='ocrx_word' id='word_1_120' title='bbox 933 2517 985 2576; x_wconf 87' lang='lat' dir='ltr'><strong>sed</strong></span> <span class='ocrx_word' id='word_1_121' title='bbox 1000 2517 1084 2589; x_wconf 86' lang='lat' dir='ltr'><strong>quasi</strong></span> <span class='ocrx_word' id='word_1_122' title='bbox 1097 2519 1202 2595; x_wconf 90' lang='lat' dir='ltr'><strong>stipen-</strong></span> 
     </span>
     <span class='ocr_line' id='line_1_17' title="bbox 110 2613 532 2677; baseline -0.005 -2"><span class='ocrx_word' id='word_1_123' title='bbox 110 2613 532 2677; x_wconf 78' lang='lat' dir='ltr'><strong>diumsuaesustentationis.&#39;’²</strong></span> 
     </span>
    </p>

    <p class='ocr_par' dir='ltr' id='par_1_5' title="bbox 67 2714 1202 3687">
     <span class='ocr_line' id='line_1_18' title="bbox 153 2714 1202 2793; baseline -0.001 -18"><span class='ocrx_word' id='word_1_124' title='bbox 153 2722 221 2776; x_wconf 86' lang='grc'><strong>143.</strong></span> <span class='ocrx_word' id='word_1_125' title='bbox 243 2717 349 2790; x_wconf 84' lang='lat' dir='ltr'><strong>Siquis</strong></span> <span class='ocrx_word' id='word_1_126' title='bbox 360 2716 573 2776; x_wconf 83' lang='lat' dir='ltr'><strong>consuetudinis</strong></span> <span class='ocrx_word' id='word_1_127' title='bbox 586 2716 693 2792; x_wconf 90' lang='lat' dir='ltr'><strong>optime</strong></span> <span class='ocrx_word' id='word_1_128' title='bbox 705 2717 849 2783; x_wconf 87' lang='lat' dir='ltr'><strong>conscius,</strong></span> <span class='ocrx_word' id='word_1_129' title='bbox 861 2716 1012 2793; x_wconf 88' lang='lat' dir='ltr'><strong>pecuniam</strong></span> <span class='ocrx_word' id='word_1_130' title='bbox 1026 2714 1077 2775; x_wconf 91' lang='lat' dir='ltr'><strong>det</strong></span> <span class='ocrx_word' id='word_1_131' title='bbox 1086 2715 1202 2792; x_wconf 88' lang='lat' dir='ltr'><strong>amplio-</strong></span> 
     </span>
     <span class='ocr_line' id='line_1_19' title="bbox 113 2808 1202 2892; baseline -0.002 -17"><span class='ocrx_word' id='word_1_132' title='bbox 113 2836 184 2883; x_wconf 83' lang='lat' dir='ltr'><strong>rem,</strong></span> <span class='ocrx_word' id='word_1_133' title='bbox 197 2827 330 2876; x_wconf 89' lang='lat' dir='ltr'><strong>censetur</strong></span> <span class='ocrx_word' id='word_1_134' title='bbox 343 2835 406 2875; x_wconf 88' lang='lat' dir='ltr'><strong>eam</strong></span> <span class='ocrx_word' id='word_1_135' title='bbox 426 2817 579 2875; x_wconf 88' lang='lat' dir='ltr'><strong>liberaliter</strong></span> <span class='ocrx_word' id='word_1_136' title='bbox 592 2815 698 2874; x_wconf 92' lang='lat' dir='ltr'><strong>donare</strong></span> <span class='ocrx_word' id='word_1_137' title='bbox 711 2808 734 2872; x_wconf 81' lang='lat'><strong>:³</strong></span> <span class='ocrx_word' id='word_1_138' title='bbox 754 2816 806 2875; x_wconf 91' lang='lat' dir='ltr'><strong>sed</strong></span> <span class='ocrx_word' id='word_1_139' title='bbox 824 2824 924 2892; x_wconf 85' lang='lat' dir='ltr'><strong>peceat</strong></span> <span class='ocrx_word' id='word_1_140' title='bbox 943 2825 1042 2874; x_wconf 89' lang='lat' dir='ltr'><strong>contra</strong></span> <span class='ocrx_word' id='word_1_141' title='bbox 1062 2815 1202 2892; x_wconf 91' lang='lat' dir='ltr'><strong>justitiam</strong></span> 
     </span>
     <span class='ocr_line' id='line_1_20' title="bbox 112 2910 1200 2993; baseline 0 -20"><span class='ocrx_word' id='word_1_142' title='bbox 112 2915 246 2976; x_wconf 90' lang='lat' dir='ltr'><strong>sacerdos</strong></span> <span class='ocrx_word' id='word_1_143' title='bbox 261 2918 310 2990; x_wconf 92' lang='lat' dir='ltr'><strong>qui</strong></span> <span class='ocrx_word' id='word_1_144' title='bbox 324 2935 386 2975; x_wconf 88' lang='lat' dir='ltr'><strong>eam</strong></span> <span class='ocrx_word' id='word_1_145' title='bbox 394 2916 493 2993; x_wconf 81' lang='lat' dir='ltr'><strong>exigit,</strong></span> <span class='ocrx_word' id='word_1_146' title='bbox 508 2925 536 2974; x_wconf 87' lang='lat' dir='ltr'><strong>ct</strong></span> <span class='ocrx_word' id='word_1_147' title='bbox 548 2933 698 2974; x_wconf 86' lang='lat' dir='ltr'><strong>excessum</strong></span> <span class='ocrx_word' id='word_1_148' title='bbox 712 2924 822 2975; x_wconf 91' lang='lat' dir='ltr'><strong>tenetur</strong></span> <span class='ocrx_word' id='word_1_149' title='bbox 834 2910 1008 2974; x_wconf 86' lang='lat' dir='ltr'><strong>restituere.⁴</strong></span> <span class='ocrx_word' id='word_1_150' title='bbox 1041 2915 1200 2992; x_wconf 81' lang='lat' dir='ltr'><strong>Regulares</strong></span> 
     </span>
     <span class='ocr_line' id='line_1_21' title="bbox 67 3004 1202 3094; baseline -0.002 -22"><span class='ocrx_word' id='word_1_151' title='bbox 67 3024 71 3031; x_wconf 88' lang='grc'><strong>“</strong></span> <span class='ocrx_word' id='word_1_152' title='bbox 112 3017 196 3074; x_wconf 91' lang='lat' dir='ltr'><strong>etiam</strong></span> <span class='ocrx_word' id='word_1_153' title='bbox 218 3016 349 3094; x_wconf 85' lang='lat' dir='ltr'><strong>episcopi</strong></span> <span class='ocrx_word' id='word_1_154' title='bbox 368 3027 480 3084; x_wconf 88' lang='lat' dir='ltr'><strong>statuto,</strong></span> <span class='ocrx_word' id='word_1_155' title='bbox 501 3035 559 3089; x_wconf 93' lang='lat' dir='ltr'><strong>quo</strong></span> <span class='ocrx_word' id='word_1_156' title='bbox 581 3016 767 3091; x_wconf 83' lang='lat' dir='ltr'><strong>eleemosyna</strong></span> <span class='ocrx_word' id='word_1_157' title='bbox 788 3015 929 3083; x_wconf 90' lang='lat' dir='ltr'><strong>definitur,</strong></span> <span class='ocrx_word' id='word_1_158' title='bbox 943 3023 1017 3072; x_wconf 89' lang='lat' dir='ltr'><strong>stare</strong></span> <span class='ocrx_word' id='word_1_159' title='bbox 1037 3004 1202 3092; x_wconf 81' lang='lat' dir='ltr'><strong>coguntur.⁵</strong></span> 
     </span>
     <span class='ocr_line' id='line_1_22' title="bbox 111 3114 1202 3192; baseline -0.007 -19"><span class='ocrx_word' id='word_1_160' title='bbox 111 3115 263 3174; x_wconf 89' lang='lat' dir='ltr'><strong>Prohiberi</strong></span> <span class='ocrx_word' id='word_1_161' title='bbox 285 3124 377 3190; x_wconf 91' lang='lat' dir='ltr'><strong>potest</strong></span> <span class='ocrx_word' id='word_1_162' title='bbox 396 3114 430 3171; x_wconf 92' lang='lat' dir='ltr'><strong>ab</strong></span> <span class='ocrx_word' id='word_1_163' title='bbox 451 3117 588 3191; x_wconf 87' lang='lat' dir='ltr'><strong>episcopo</strong></span> <span class='ocrx_word' id='word_1_164' title='bbox 608 3134 643 3173; x_wconf 93' lang='lat' dir='ltr'><strong>ne</strong></span> <span class='ocrx_word' id='word_1_165' title='bbox 667 3116 761 3173; x_wconf 91' lang='lat' dir='ltr'><strong>minor</strong></span> <span class='ocrx_word' id='word_1_166' title='bbox 781 3116 943 3192; x_wconf 87' lang='lat' dir='ltr'><strong>accipiatur,</strong></span> <span class='ocrx_word' id='word_1_167' title='bbox 964 3132 1032 3171; x_wconf 91' lang='lat' dir='ltr'><strong>nam</strong></span> <span class='ocrx_word' id='word_1_168' title='bbox 1051 3115 1202 3172; x_wconf 82' lang='lat' dir='ltr'><strong>vilesceret</strong></span> 
     </span>
     <span class='ocr_line' id='line_1_23' title="bbox 110 3209 1201 3291; baseline 0.001 -21"><span class='ocrx_word' id='word_1_169' title='bbox 110 3232 222 3272; x_wconf 88' lang='lat' dir='ltr'><strong>sacrum</strong></span> <span class='ocrx_word' id='word_1_170' title='bbox 237 3214 444 3279; x_wconf 69' lang='lat' dir='ltr'><strong>ministerium</strong></span> <span class='ocrx_word' id='word_1_171' title='bbox 465 3215 561 3271; x_wconf 90' lang='lat' dir='ltr'><strong>velue</strong></span> <span class='ocrx_word' id='word_1_172' title='bbox 576 3215 667 3291; x_wconf 89' lang='lat' dir='ltr'><strong>major</strong></span> <span class='ocrx_word' id='word_1_173' title='bbox 690 3214 819 3290; x_wconf 85' lang='lat' dir='ltr'><strong>exigatur</strong></span> <span class='ocrx_word' id='word_1_174' title='bbox 831 3209 856 3272; x_wconf 81' lang='lat'><strong>:⁶</strong></span> <span class='ocrx_word' id='word_1_175' title='bbox 875 3213 925 3271; x_wconf 92' lang='lat' dir='ltr'><strong>sed</strong></span> <span class='ocrx_word' id='word_1_176' title='bbox 948 3231 1007 3271; x_wconf 92' lang='lat' dir='ltr'><strong>nou</strong></span> <span class='ocrx_word' id='word_1_177' title='bbox 1022 3222 1119 3289; x_wconf 92' lang='lat' dir='ltr'><strong>potest</strong></span> <span class='ocrx_word' id='word_1_178' title='bbox 1139 3231 1201 3289; x_wconf 91' lang='lat' dir='ltr'><strong>pro·</strong></span> 
     </span>
     <span class='ocr_line' id='line_1_24' title="bbox 111 3307 1202 3388; baseline 0.001 -18"><span class='ocrx_word' id='word_1_179' title='bbox 111 3312 203 3370; x_wconf 89' lang='lat' dir='ltr'><strong>hiberi</strong></span> <span class='ocrx_word' id='word_1_180' title='bbox 216 3331 253 3371; x_wconf 93' lang='lat' dir='ltr'><strong>ne</strong></span> <span class='ocrx_word' id='word_1_181' title='bbox 267 3313 358 3388; x_wconf 89' lang='lat' dir='ltr'><strong>major</strong></span> <span class='ocrx_word' id='word_1_182' title='bbox 371 3312 524 3386; x_wconf 88' lang='lat' dir='ltr'><strong>accipiatur</strong></span> <span class='ocrx_word' id='word_1_183' title='bbox 537 3331 554 3368; x_wconf 92' lang='lat' dir='ltr'><strong>a</strong></span> <span class='ocrx_word' id='word_1_184' title='bbox 567 3321 669 3386; x_wconf 90' lang='lat' dir='ltr'><strong>sponte</strong></span> <span class='ocrx_word' id='word_1_185' title='bbox 684 3307 794 3371; x_wconf 85' lang='lat' dir='ltr'><strong>dante.⁷</strong></span> <span class='ocrx_word' id='word_1_186' title='bbox 834 3315 892 3381; x_wconf 84' lang='lat' dir='ltr'><strong>Qui</strong></span> <span class='ocrx_word' id='word_1_187' title='bbox 906 3312 1076 3388; x_wconf 88' lang='lat' dir='ltr'><strong>ampliorem</strong></span> <span class='ocrx_word' id='word_1_188' title='bbox 1090 3313 1202 3388; x_wconf 81' lang='lat' dir='ltr'><strong>accepit</strong></span> 
     </span>
     <span class='ocr_line' id='line_1_25' title="bbox 109 3410 1200 3485; baseline 0.008 -19"><span class='ocrx_word' id='word_1_189' title='bbox 109 3411 322 3485; x_wconf 86' lang='lat' dir='ltr'><strong>eleemosynam</strong></span> <span class='ocrx_word' id='word_1_190' title='bbox 342 3428 401 3466; x_wconf 91' lang='lat' dir='ltr'><strong>nou</strong></span> <span class='ocrx_word' id='word_1_191' title='bbox 421 3419 514 3484; x_wconf 91' lang='lat' dir='ltr'><strong>potest</strong></span> <span class='ocrx_word' id='word_1_192' title='bbox 534 3410 612 3468; x_wconf 89' lang='lat' dir='ltr'><strong>alteri</strong></span> <span class='ocrx_word' id='word_1_193' title='bbox 632 3413 772 3470; x_wconf 87' lang='lat' dir='ltr'><strong>minorem</strong></span> <span class='ocrx_word' id='word_1_194' title='bbox 793 3412 903 3471; x_wconf 90' lang='lat' dir='ltr'><strong>darent</strong></span> <span class='ocrx_word' id='word_1_195' title='bbox 922 3412 1046 3469; x_wconf 88' lang='lat' dir='ltr'><strong>Missam</strong></span> <span class='ocrx_word' id='word_1_196' title='bbox 1067 3412 1200 3475; x_wconf 76' lang='lat' dir='ltr'><strong>celebret,</strong></span> 
     </span>
     <span class='ocr_line' id='line_1_26' title="bbox 108 3507 1202 3584; baseline 0.002 -18"><span class='ocrx_word' id='word_1_197' title='bbox 108 3507 217 3580; x_wconf 91' lang='lat' dir='ltr'><strong>reliqua</strong></span> <span class='ocrx_word' id='word_1_198' title='bbox 237 3516 314 3584; x_wconf 89' lang='lat' dir='ltr'><strong>parte</strong></span> <span class='ocrx_word' id='word_1_199' title='bbox 337 3508 392 3565; x_wconf 93' lang='lat' dir='ltr'><strong>sibi</strong></span> <span class='ocrx_word' id='word_1_200' title='bbox 412 3517 539 3575; x_wconf 82' lang='lat' dir='ltr'><strong>retenta3</strong></span> <span class='ocrx_word' id='word_1_201' title='bbox 561 3508 591 3566; x_wconf 95' lang='lat' dir='ltr'><strong>id</strong></span> <span class='ocrx_word' id='word_1_202' title='bbox 611 3511 687 3568; x_wconf 90' lang='lat' dir='ltr'><strong>enim</strong></span> <span class='ocrx_word' id='word_1_203' title='bbox 708 3512 798 3569; x_wconf 90' lang='lat' dir='ltr'><strong>vetuit</strong></span> <span class='ocrx_word' id='word_1_204' title='bbox 817 3512 949 3571; x_wconf 90' lang='lat' dir='ltr'><strong>Urbanus</strong></span> <span class='ocrx_word' id='word_1_205' title='bbox 976 3511 1062 3569; x_wconf 90' lang='lat' dir='ltr'><strong>Vlll.</strong></span> <span class='ocrx_word' id='word_1_206' title='bbox 1085 3510 1202 3570; x_wconf 86' lang='lat' dir='ltr'><strong>Consti·</strong></span> 
     </span>
     <span class='ocr_line' id='line_1_27' title="bbox 110 3606 1202 3687; baseline 0 -22"><span class='ocrx_word' id='word_1_207' title='bbox 110 3609 233 3667; x_wconf 84' lang='lat' dir='ltr'><strong>tutione:</strong></span> <span class='ocrx_word' id='word_1_208' title='bbox 265 3606 342 3666; x_wconf 84' lang='lat' dir='ltr'><strong>Cum</strong></span> <span class='ocrx_word' id='word_1_209' title='bbox 362 3623 456 3685; x_wconf 78' lang='lat' dir='ltr'><strong>saepe:</strong></span> <span class='ocrx_word' id='word_1_210' title='bbox 478 3618 650 3684; x_wconf 89' lang='lat' dir='ltr'><strong>quapropter</strong></span> <span class='ocrx_word' id='word_1_211' title='bbox 674 3609 806 3669; x_wconf 90' lang='lat' dir='ltr'><strong>damnata</strong></span> <span class='ocrx_word' id='word_1_212' title='bbox 830 3621 874 3669; x_wconf 87' lang='lat' dir='ltr'><strong>est</strong></span> <span class='ocrx_word' id='word_1_213' title='bbox 899 3611 1077 3687; x_wconf 92' lang='lat' dir='ltr'><strong>propositio:</strong></span> <span class='ocrx_word' id='word_1_214' title='bbox 1102 3611 1202 3670; x_wconf 85' lang='lat' dir='ltr'><strong>“Post</strong></span> 
     </span>
    </p>
   </div>
   <div class='ocr_carea' id='block_1_5' title="bbox 159 3827 1202 4066">
    <p class='ocr_par' dir='ltr' id='par_1_6' title="bbox 159 3827 1202 4066">
     <span class='ocr_line' id='line_1_28' title="bbox 162 3827 1046 3897; baseline -0.001 -19"><span class='ocrx_word' id='word_1_215' title='bbox 162 3834 187 3897; x_wconf 93' lang='lat' dir='ltr'><strong>l)</strong></span> <span class='ocrx_word' id='word_1_216' title='bbox 210 3832 222 3877; x_wconf 95' lang='lat' dir='ltr'><strong>l</strong></span> <span class='ocrx_word' id='word_1_217' title='bbox 236 3829 293 3879; x_wconf 84' lang='lat' dir='ltr'><strong>Gor.</strong></span> <span class='ocrx_word' id='word_1_218' title='bbox 304 3828 338 3877; x_wconf 87' lang='lat' dir='ltr'><strong>ix.</strong></span> <span class='ocrx_word' id='word_1_219' title='bbox 353 3829 392 3877; x_wconf 89' lang='grc'><strong>13.</strong></span> <span class='ocrx_word' id='word_1_220' title='bbox 671 3830 714 3896; x_wconf 80' lang='lat'><strong>(2)</strong></span> <span class='ocrx_word' id='word_1_221' title='bbox 728 3831 752 3877; x_wconf 79' lang='lat'><strong>2.</strong></span> <span class='ocrx_word' id='word_1_222' title='bbox 764 3831 788 3876; x_wconf 79' lang='lat'><strong>2.</strong></span> <span class='ocrx_word' id='word_1_223' title='bbox 799 3844 840 3891; x_wconf 90' lang='lat' dir='ltr'><strong>qu.</strong></span> <span class='ocrx_word' id='word_1_224' title='bbox 851 3843 876 3888; x_wconf 85' lang='lat' dir='ltr'><strong>x,</strong></span> <span class='ocrx_word' id='word_1_225' title='bbox 888 3835 931 3877; x_wconf 81' lang='lat' dir='ltr'><strong>art</strong></span> <span class='ocrx_word' id='word_1_226' title='bbox 942 3827 968 3876; x_wconf 89' lang='lat' dir='ltr'><strong>ii.</strong></span> <span class='ocrx_word' id='word_1_227' title='bbox 979 3827 1010 3876; x_wconf 89' lang='lat' dir='ltr'><strong>ad</strong></span> <span class='ocrx_word' id='word_1_228' title='bbox 1022 3831 1046 3877; x_wconf 80' lang='lat'><strong>2.</strong></span> 
     </span>
     <span class='ocr_line' id='line_1_29' title="bbox 159 3911 640 3983; baseline -0.01 -18"><span class='ocrx_word' id='word_1_229' title='bbox 159 3918 188 3983; x_wconf 89' lang='grc'><strong>3)</strong></span> <span class='ocrx_word' id='word_1_230' title='bbox 207 3914 246 3965; x_wconf 89' lang='lat' dir='ltr'><strong>De</strong></span> <span class='ocrx_word' id='word_1_231' title='bbox 257 3914 319 3978; x_wconf 86' lang='lat' dir='ltr'><strong>Syn.</strong></span> <span class='ocrx_word' id='word_1_232' title='bbox 329 3912 424 3962; x_wconf 85' lang='lat' dir='ltr'><strong>dioeces.</strong></span> <span class='ocrx_word' id='word_1_233' title='bbox 436 3913 452 3961; x_wconf 87' lang='lat'><strong>1.</strong></span> <span class='ocrx_word' id='word_1_234' title='bbox 464 3911 495 3961; x_wconf 90' lang='lat' dir='ltr'><strong>vi.</strong></span> <span class='ocrx_word' id='word_1_235' title='bbox 507 3927 528 3961; x_wconf 90' lang='lat' dir='ltr'><strong>c.</strong></span> <span class='ocrx_word' id='word_1_236' title='bbox 540 3912 567 3962; x_wconf 83' lang='lat' dir='ltr'><strong>ix</strong></span> <span class='ocrx_word' id='word_1_237' title='bbox 578 3928 604 3960; x_wconf 89' lang='lat' dir='ltr'><strong>n.</strong></span> <span class='ocrx_word' id='word_1_238' title='bbox 616 3914 640 3960; x_wconf 76' lang='lat'><strong>2.</strong></span> 
     </span>
     <span class='ocr_line' id='line_1_30' title="bbox 159 3995 1202 4066; baseline 0 -18"><span class='ocrx_word' id='word_1_239' title='bbox 159 4002 188 4066; x_wconf 82' lang='grc'><strong>4)</strong></span> <span class='ocrx_word' id='word_1_240' title='bbox 208 3999 308 4059; x_wconf 89' lang='lat' dir='ltr'><strong>Ibidem,</strong></span> <span class='ocrx_word' id='word_1_241' title='bbox 319 4014 340 4047; x_wconf 87' lang='lat' dir='ltr'><strong>c.</strong></span> <span class='ocrx_word' id='word_1_242' title='bbox 348 3997 398 4047; x_wconf 88' lang='lat' dir='ltr'><strong>viii.</strong></span> <span class='ocrx_word' id='word_1_243' title='bbox 409 4013 435 4047; x_wconf 92' lang='lat' dir='ltr'><strong>n.</strong></span> <span class='ocrx_word' id='word_1_244' title='bbox 445 3998 469 4047; x_wconf 88' lang='lat'><strong>9.</strong></span> <span class='ocrx_word' id='word_1_245' title='bbox 480 3996 543 4046; x_wconf 85' lang='lat' dir='ltr'><strong>Vide</strong></span> <span class='ocrx_word' id='word_1_246' title='bbox 554 4003 578 4046; x_wconf 91' lang='lat' dir='ltr'><strong>et</strong></span> <span class='ocrx_word' id='word_1_247' title='bbox 591 3996 668 4047; x_wconf 86' lang='lat' dir='ltr'><strong>Cone.</strong></span> <span class='ocrx_word' id='word_1_248' title='bbox 676 3995 756 4047; x_wconf 82' lang='lat' dir='ltr'><strong>Tolet.</strong></span> <span class='ocrx_word' id='word_1_249' title='bbox 764 4012 828 4046; x_wconf 86' lang='lat' dir='ltr'><strong>anno</strong></span> <span class='ocrx_word' id='word_1_250' title='bbox 841 3998 912 4046; x_wconf 77' lang='grc'><strong>1394.</strong></span> <span class='ocrx_word' id='word_1_251' title='bbox 924 4012 945 4045; x_wconf 91' lang='lat' dir='ltr'><strong>e.</strong></span> <span class='ocrx_word' id='word_1_252' title='bbox 958 3995 988 4044; x_wconf 87' lang='lat' dir='ltr'><strong>vi.</strong></span> <span class='ocrx_word' id='word_1_253' title='bbox 993 3996 1066 4059; x_wconf 84' lang='lat' dir='ltr'><strong>apud</strong></span> <span class='ocrx_word' id='word_1_254' title='bbox 1077 3996 1202 4048; x_wconf 88' lang='lat' dir='ltr'><strong>Harduiu.</strong></span> 
     </span>
    </p>
   </div>
   <div class='ocr_carea' id='block_1_6' title="bbox 107 3834 308 4311">
    <p class='ocr_par' dir='ltr' id='par_1_7' title="bbox 107 3834 308 4311">
     <span class='ocr_line' id='line_1_31' title="bbox 145 3834 156 3897; baseline 0 0"><span class='ocrx_word' id='word_1_255' title='bbox 145 3834 156 3897; x_wconf 95' lang='lat'>(</span> 
     </span>
     <span class='ocr_line' id='line_1_32' title="bbox 145 3918 156 3981; baseline 0 0"><span class='ocrx_word' id='word_1_256' title='bbox 145 3918 156 3981; x_wconf 95' lang='lat'>(</span> 
     </span>
     <span class='ocr_line' id='line_1_33' title="bbox 145 4001 157 4064; baseline 0 0"><span class='ocrx_word' id='word_1_257' title='bbox 145 4001 157 4064; x_wconf 94' lang='lat'>(</span> 
     </span>
     <span class='ocr_line' id='line_1_34' title="bbox 107 4084 308 4133; baseline 0.02 -4"><span class='ocrx_word' id='word_1_258' title='bbox 107 4088 125 4129; x_wconf 78' lang='lat' dir='ltr'><strong>t.</strong></span> <span class='ocrx_word' id='word_1_259' title='bbox 154 4117 160 4130; x_wconf 95' lang='lat'><strong>.</strong></span> <span class='ocrx_word' id='word_1_260' title='bbox 202 4084 217 4132; x_wconf 89' lang='lat'><strong>1.</strong></span> <span class='ocrx_word' id='word_1_261' title='bbox 235 4085 308 4133; x_wconf 73' lang='lat' dir='ltr'><strong>isse.</strong></span> 
     </span>
     <span class='ocr_line' id='line_1_35' title="bbox 145 4249 156 4311; baseline 0 0"><span class='ocrx_word' id='word_1_262' title='bbox 145 4249 156 4311; x_wconf 96' lang='lat'>(</span> 
     </span>
    </p>
   </div>
   <div class='ocr_carea' id='block_1_7' title="bbox 136 4086 517 4310">
    <p class='ocr_par' dir='ltr' id='par_1_8' title="bbox 136 4086 517 4310">
     <span class='ocr_line' id='line_1_36' title="bbox 136 4086 152 4132; baseline 0 0"><span class='ocrx_word' id='word_1_263' title='bbox 136 4086 152 4132; x_wconf 85' lang='grc'><strong>7</strong></span> 
     </span>
     <span class='ocr_line' id='line_1_37' title="bbox 142 4166 154 4229; baseline 0 0"><span class='ocrx_word' id='word_1_264' title='bbox 142 4166 154 4229; x_wconf 93' lang='grc'>(</span> 
     </span>
     <span class='ocr_line' id='line_1_38' title="bbox 159 4249 517 4310; baseline 0.011 -14"><span class='ocrx_word' id='word_1_265' title='bbox 159 4250 173 4295; x_wconf 98' lang='grc'><strong>6</strong></span> <span class='ocrx_word' id='word_1_266' title='bbox 206 4249 306 4310; x_wconf 79' lang='lat' dir='ltr'><strong>ibidem,</strong></span> <span class='ocrx_word' id='word_1_267' title='bbox 320 4253 350 4299; x_wconf 84' lang='lat'><strong>16</strong></span> <span class='ocrx_word' id='word_1_268' title='bbox 362 4251 430 4310; x_wconf 85' lang='lat' dir='ltr'><strong>tulii,</strong></span> <span class='ocrx_word' id='word_1_269' title='bbox 445 4255 517 4301; x_wconf 84' lang='grc'><strong>1689.</strong></span> 
     </span>
    </p>
   </div>
   <div class='ocr_carea' id='block_1_8' title="bbox 141 4100 1149 4402">
    <p class='ocr_par' dir='ltr' id='par_1_9' title="bbox 141 4100 1149 4402">
     <span class='ocr_line' id='line_1_39' title="bbox 172 4100 201 4133; baseline 0 0"><span class='ocrx_word' id='word_1_270' title='bbox 172 4100 201 4133; x_wconf 89' lang='lat' dir='ltr'><strong>co</strong></span> 
     </span>
     <span class='ocr_line' id='line_1_40' title="bbox 156 4164 1149 4231; baseline 0.001 -17"><span class='ocrx_word' id='word_1_271' title='bbox 156 4169 185 4231; x_wconf 85' lang='grc'><strong>6)</strong></span> <span class='ocrx_word' id='word_1_272' title='bbox 205 4166 231 4215; x_wconf 86' lang='lat' dir='ltr'><strong>S.</strong></span> <span class='ocrx_word' id='word_1_273' title='bbox 242 4166 322 4228; x_wconf 82' lang='lat' dir='ltr'><strong>cong.</strong></span> <span class='ocrx_word' id='word_1_274' title='bbox 334 4167 412 4216; x_wconf 86' lang='lat' dir='ltr'><strong>Cone.</strong></span> <span class='ocrx_word' id='word_1_275' title='bbox 424 4170 462 4217; x_wconf 89' lang='grc'><strong>15.</strong></span> <span class='ocrx_word' id='word_1_276' title='bbox 473 4167 530 4217; x_wconf 83' lang='lat' dir='ltr'><strong>Jan.</strong></span> <span class='ocrx_word' id='word_1_277' title='bbox 545 4171 618 4217; x_wconf 86' lang='grc'><strong>1693.</strong></span> <span class='ocrx_word' id='word_1_278' title='bbox 628 4167 655 4217; x_wconf 91' lang='lat' dir='ltr'><strong>in</strong></span> <span class='ocrx_word' id='word_1_279' title='bbox 666 4182 717 4216; x_wconf 86' lang='lat' dir='ltr'><strong>una</strong></span> <span class='ocrx_word' id='word_1_280' title='bbox 729 4166 852 4226; x_wconf 81' lang='lat' dir='ltr'><strong>Romanu,</strong></span> <span class='ocrx_word' id='word_1_281' title='bbox 864 4166 881 4216; x_wconf 92' lang='lat' dir='ltr'><strong>l.</strong></span> <span class='ocrx_word' id='word_1_282' title='bbox 892 4164 942 4214; x_wconf 84' lang='lat' dir='ltr'><strong>xvi.</strong></span> <span class='ocrx_word' id='word_1_283' title='bbox 953 4164 1040 4214; x_wconf 90' lang='lat' dir='ltr'><strong>decret.</strong></span> <span class='ocrx_word' id='word_1_284' title='bbox 1052 4179 1076 4229; x_wconf 91' lang='lat' dir='ltr'><strong>p.</strong></span> <span class='ocrx_word' id='word_1_285' title='bbox 1092 4167 1149 4215; x_wconf 84' lang='grc'><strong>138.</strong></span> 
     </span>
     <span class='ocr_line' id='line_1_41' title="bbox 141 4252 958 4402; baseline 0.004 -23"><span class='ocrx_word' id='word_1_286' title='bbox 141 4252 187 4396; x_wconf 74' lang='grc'>(7))</span> <span class='ocrx_word' id='word_1_287' title='bbox 202 4331 302 4391; x_wconf 85' lang='lat' dir='ltr'><strong>Ibidem,</strong></span> <span class='ocrx_word' id='word_1_288' title='bbox 316 4336 345 4381; x_wconf 89' lang='grc'><strong>16</strong></span> <span class='ocrx_word' id='word_1_289' title='bbox 357 4334 476 4395; x_wconf 75' lang='lat' dir='ltr'><strong>ianuarii,</strong></span> <span class='ocrx_word' id='word_1_290' title='bbox 491 4338 562 4387; x_wconf 88' lang='grc'><strong>1649.</strong></span> <span class='ocrx_word' id='word_1_291' title='bbox 572 4338 588 4386; x_wconf 92' lang='grc'><strong>1.</strong></span> <span class='ocrx_word' id='word_1_292' title='bbox 599 4336 666 4386; x_wconf 85' lang='lat' dir='ltr'><strong>xviii.</strong></span> <span class='ocrx_word' id='word_1_293' title='bbox 677 4335 739 4385; x_wconf 89' lang='lat' dir='ltr'><strong>decr.</strong></span> <span class='ocrx_word' id='word_1_294' title='bbox 749 4351 773 4400; x_wconf 91' lang='lat' dir='ltr'><strong>p.</strong></span> <span class='ocrx_word' id='word_1_295' title='bbox 785 4338 843 4395; x_wconf 76' lang='lat'>575,</span> <span class='ocrx_word' id='word_1_296' title='bbox 854 4349 871 4385; x_wconf 81' lang='lat' dir='ltr'><strong>a</strong></span> <span class='ocrx_word' id='word_1_297' title='bbox 882 4338 958 4402; x_wconf 81' lang='lat' dir='ltr'><strong>tergo.</strong></span> 
     </span>
    </p>
   </div>
   <div class='ocr_carea' id='block_1_9' title="bbox 0 0 1324 4860">
    <p class='ocr_par' dir='ltr' id='par_1_10' title="bbox 0 0 1324 4860">
     <span class='ocr_line' id='line_1_42' title="bbox 0 0 1324 4860; baseline 0 1"><span class='ocrx_word' id='word_1_298' title='bbox 0 0 1324 4860; x_wconf 95' lang='lat' dir='ltr'><strong> </strong></span> 
     </span>
    </p>
   </div>
  </div>
 </body>
</html>
