2640 4860
169 358 210 417 78
360 352 417 414 DE
438 351 731 414 EUCHARISTIA
749 350 1060 415 MINISTRANDA.

169 520 301 581 nonnulli
319 521 407 579 licere
426 539 490 579 eam
517 522 546 580 in
566 519 711 580 cochleari
730 521 866 599 praebere,
887 521 957 594 quia
981 520 1174 581 “necessitas
1199 520 1262 580 11111

168 619 279 679 ridetur
291 638 430 679 excusare
443 639 460 677 a
472 619 556 678 solito
568 621 623 678 ritu
638 620 777 679 Ecclesia}
787 613 834 678 :”¹
854 621 914 679 imo
928 618 1111 688 moribundo,
1133 620 1184 693 qui
1197 619 1264 678 hos-

168 722 238 779 tiam
251 720 391 798 deglutire
404 721 513 793 nequit,
534 728 633 796 putant
644 719 810 796 particulam
830 738 896 779 cum
909 721 979 779 vino
991 721 1021 779 in
1034 716 1181 779 cochleari
1194 717 1263 778 dan·

168 816 262 879 dam.²

209 923 259 977 31.
282 919 454 978 “Sacerdos
476 917 602 995 podagra
623 918 754 977 laborans
776 927 870 995 potest
882 918 988 979 deferri
1006 918 1043 977 ad
1063 918 1163 987 altare,
1177 927 1210 977 ut
1224 918 1263 977 ibi

169 1017 333 1078 Ecclesiam
347 1018 533 1085 administret,
548 1018 660 1076 seclusa
673 1026 766 1076 tamen
781 1019 834 1076 alia
847 1012 1089 1094 prohibitione.”³

209 1123 258 1177 ³2.
282 1119 378 1177 Grave
390 1130 434 1176 est
447 1129 593 1194 peccatum
614 1117 755 1175 Ecclesiae
775 1116 967 1194 disciplinam,
988 1136 1045 1191 qua
1063 1119 1117 1175 sub
1131 1135 1190 1174 una
1204 1125 1263 1175 tan·

169 1229 230 1278 tum
244 1220 326 1295 panis
340 1219 437 1294 specie
447 1217 629 1276 Eucharistia
642 1217 731 1284 datur,
746 1217 871 1285 violare;
893 1235 958 1276 nam
971 1216 1042 1275 ordo
1051 1217 1082 1274 in
1095 1234 1125 1274 re
1140 1217 1262 1274 maximi

171 1320 311 1379 momenti
325 1318 459 1384 turbatur,
480 1325 508 1372 et
527 1317 629 1374 haeresi
643 1334 742 1375 eorum
757 1318 806 1389 qui
821 1325 927 1394 negant
939 1326 1030 1375 toturn
1044 1313 1196 1373 Christum
1210 1316 1264 1372 sub

169 1419 302 1476 alterutra
315 1418 412 1493 specie
425 1415 562 1474 contineri
572 1416 691 1474 fovetur.
734 1415 878 1489 Equidem
897 1415 1012 1488 antiqua
1024 1414 1086 1473 ¹'lixit
1105 1413 1261 1493 disciplina

167 1528 316 1592 utramque
329 1517 470 1592 prebere3
489 1515 540 1573 sed
561 1517 597 1574 ob
618 1515 799 1592 gravissimas
820 1516 942 1574 rationes
961 1514 1099 1591 paulatim
1112 1514 1261 1572 immutata

168 1627 221 1686 est,
237 1633 356 1689 quarum
370 1615 543 1692 praecipuam
563 1616 649 1673 refert
668 1615 701 1671 S.
714 1614 861 1672 Thomas:
885 1614 966 1672 “Ex
986 1624 1065 1691 parte
1079 1613 1258 1672 sumentium

169 1717 321 1790 requiritur
334 1733 448 1772 summa
461 1716 627 1783 reverentia,
642 1723 671 1771 et
683 1714 802 1781 cautela,
816 1734 852 1774 ne
864 1713 970 1787 aliquid
983 1713 1095 1773 accidat
1107 1711 1185 1785 quod
1198 1731 1260 1770 ver·

169 1825 218 1894 gat
229 1813 264 1872 ad
279 1816 412 1892 injuriam
434 1815 502 1873 tanti
517 1816 659 1892 mysterii.
702 1812 788 1880 Quod
809 1814 953 1892 praeeipue
967 1822 1065 1890 posset
1085 1811 1216 1870 accidere
1230 1813 1260 1870 in

169 1916 316 1993 sanguinis
338 1917 518 1992 sumptione:
540 1913 724 1987 quiquidem
748 1913 773 1970 si
793 1915 905 1973 incaute
926 1923 1093 1981 sumeretur,
1122 1912 1159 1970 de
1180 1906 1259 1970 sacili

167 2025 267 2093 posset
279 2013 397 2072 effundi.
440 2015 480 2071 Et
500 2015 567 2086 quia
587 2015 676 2071 crevit
694 2013 845 2072 multitudo
866 2013 966 2090 populi
985 2012 1141 2079 christiani,
1156 2013 1186 2070 in
1201 2029 1259 2083 qua

168 2116 347 2173 continentur
360 2129 444 2170 senes
465 2121 494 2169 et
508 2113 630 2189 juvenes
651 2120 679 2168 et
698 2112 819 2187 parvuli,
840 2131 963 2186 quorum
980 2112 1097 2185 quidam
1111 2129 1170 2170 non
1192 2123 1260 2168 sunt

168 2222 249 2271 tantae
260 2211 450 2277 discretionis,
465 2221 497 2268 ut
509 2211 647 2268 cautelam
661 2209 784 2269 debitam
800 2214 878 2270 circa
889 2231 973 2271 usum
987 2210 1073 2289 hujus
1087 2213 1258 2269 sacramenti

166 2311 334 2376 adhibeant;
356 2308 420 2366 ideo
434 2308 552 2385 provide
567 2311 597 2368 in
610 2309 780 2382 quibusdam
801 2312 932 2371 eeclesiis
952 2311 1128 2378 observatur,
1143 2320 1176 2368 ut
1185 2328 1259 2386 pop·

165 2410 214 2468 ulo
227 2409 343 2486 sanguis
357 2408 512 2466 sumendus
525 2427 582 2467 non
596 2409 686 2478 detur,
708 2408 759 2468 sed
779 2413 874 2470 solum
889 2432 905 2470 a
918 2410 1064 2470 sacerdote
1078 2403 1258 2469 sumatur.”⁴

165 2509 362 2568 Invalescente
372 2508 432 2585 jam
447 2508 523 2585 apud
537 2527 637 2568 omnes
658 2510 794 2568 ecclesias
814 2513 884 2569 ritus
904 2510 1000 2569 Latini
1017 2511 1071 2569 hac
1091 2509 1255 2586 disciplina,

164 2629 222 2670 non
232 2610 299 2668 licet
307 2610 341 2668 ab
354 2627 387 2666 ea
401 2609 543 2676 recedere,
554 2611 638 2668 etiam
648 2617 680 2667 ut
689 2611 821 2668 viaticum
832 2611 988 2688 subspecie
999 2611 1058 2668 viui
1073 2609 1155 2667 detur
1168 2608 1256 2667 mori·

163 2711 269 2778 bundo,
296 2711 421 2784 quinon
442 2719 534 2786 potest
554 2709 692 2787 deglutire
716 2710 848 2778 hostiam,
870 2728 936 2768 nam
958 2710 1098 2787 generalis
1119 2709 1190 2768 ordo
1210 2719 1256 2765 est

164 2813 304 2889 cujusque
318 2809 429 2867 utilitati
449 2809 657 2868 anteferendus.

204 2915 253 2969 33.
270 2919 288 2946 ‘⁴
298 2911 333 2969 ln
343 2910 445 2968 Missis
454 2909 651 2969 defunctorum
661 2928 723 2982 quae
734 2911 764 2967 in
775 2909 947 2986 paramentis
957 2909 1047 2986 nigris
1062 2908 1255 2972 celebrantur,

163 3029 222 3070 non
242 3012 417 3069 ministretur
437 3009 619 3068 Eucharistia
639 3027 690 3087 per
710 3008 827 3068 modurn
847 3008 1027 3075 sacramenti,
1051 3009 1162 3066 scilicet
1188 3025 1256 3066 curn

164 3110 310 3186 particulis
324 3111 566 3184 praeconsecratis,
587 3109 762 3167 extrahendo
775 3108 915 3186 pyxidem
936 3127 952 3164 a
972 3107 1110 3166 custodia.
1154 3108 1258 3166 Potest

165 3218 259 3266 tamen
273 3207 425 3265 ministrari
445 3225 497 3282 per
516 3208 634 3266 modum
654 3209 796 3274 sacrificii,
818 3217 901 3284 prout
921 3217 965 3265 est
987 3204 1101 3280 quando
1121 3207 1256 3265 fidelibus

162 3305 303 3382 praebetur
328 3305 492 3362 communio
512 3325 577 3364 cum
599 3305 742 3381 particulis
763 3307 837 3364 intra
863 3306 984 3365 eandem
1008 3306 1133 3366 Missam
1153 3324 1255 3365 conse·

162 3403 279 3461 cratis.”
322 3402 365 3460 Ita
385 3401 509 3459 decrevit
529 3405 561 3461 S.
584 3403 679 3481 Cong.
701 3405 820 3465 Rituum
843 3408 874 3465 in
895 3405 1042 3484 Aquensi,
1064 3405 1146 3482 Sept.
1164 3408 1253 3465 1741.

162 3501 308 3560 Caeterum
322 3501 346 3557 si
360 3501 537 3560 celebrentur
550 3505 579 3561 in
593 3504 766 3580 paramentis
788 3506 933 3574 violaceis,
955 3505 1032 3578 quod
1045 3504 1131 3562 licere
1145 3523 1182 3563 ex
1197 3504 1253 3563 alio

162 3603 276 3662 decreto
297 3600 342 3658 die
363 3603 399 3658 21
423 3600 503 3659 Junii
526 3606 614 3671 1670,
637 3603 671 3662 in
690 3602 834 3673 Prt'tarra,
856 3605 1008 3681 colligitur,
1021 3604 1133 3680 'poterit
1153 3603 1253 3663 minis·

162 3705 228 3763 trari
241 3705 322 3771 intra,
343 3710 371 3758 et
390 3711 465 3769 onte,
487 3710 515 3759 et
534 3712 599 3779 post
612 3703 745 3762 Missam.
788 3705 857 3763 Non
877 3705 945 3762 licet
957 3722 1019 3761 earn
1041 3703 1200 3762 ministrare
1222 3705 1252 3761 in

162 3804 334 3881 paramentis
355 3802 444 3880 nigris
465 3806 528 3860 ante
550 3803 594 3861 vel
615 3813 680 3879 post
700 3804 824 3863 Missam
844 3803 1060 3870 defunctorum
1082 3803 1133 3861 sed
1154 3805 1190 3862 iis
1205 3803 1253 3860 de·

41 3918 47 3929 ’
82 3946 86 3953 -
161 3906 275 3980 positis,
296 3902 368 3962 stola
388 3903 459 3971 alba,
483 3903 528 3962 vel
549 3922 611 3977 quae
631 3903 720 3962 colori
743 3904 830 3963 officii
851 3903 927 3962 illius
949 3902 1006 3960 diei
1028 3903 1188 3970 conveniat,
1210 3921 1252 3960 as-

161 4003 301 4063 sumenda
319 4005 380 4062 erit.

319 4171 360 4235 (l)
380 4169 407 4218 S.
419 4169 494 4232 Alph.
503 4171 518 4219 l.
530 4172 561 4230 vi,
573 4187 598 4220 n.
610 4172 667 4218 244.
869 4171 911 4237 (2)
930 4169 1029 4229 Ibidem,
1040 4184 1066 4224 n.
1078 4172 1135 4222 288.

311 4252 353 4314 (3)
373 4251 541 4301 Busembaum
553 4253 616 4317 opud
628 4253 654 4302 S.
667 4252 740 4316 Alph.
752 4251 767 4299 1.
780 4252 811 4300 11.
823 4267 848 4301 n.
859 4253 916 4299 244.

314 4332 355 4405 (4)
375 4332 408 4383 iii.
419 4347 444 4394 p.
455 4349 496 4396 qu.
508 4335 575 4384 lxxx.
588 4341 630 4385 ert.
642 4335 684 4384 xii.
719 4333 794 4403 Resp.
