2640 4860
180 384 221 439 to
338 378 396 439 DE
417 374 784 437 CONSECRATIONE
805 374 1127 436 Eucnamsrlm.

624 885 766 945 CAPUT
787 884 826 945 11.

451 1103 490 1142 m:
512 1101 757 1144 consucnarlon'u
778 1100 1002 1142 sponsalem.

225 1267 273 1321 ll.
296 1262 393 1321 Solius
407 1261 561 1320 sacerdotis
576 1274 620 1320 est
632 1262 842 1321 Eucharistiam
854 1255 1041 1320 consecrare:
1056 1269 1089 1318 ut
1098 1270 1194 1317 autem
1208 1277 1274 1316 con·

182 1362 287 1419 sectari
307 1361 400 1418 valeat
426 1362 543 1419 materia
563 1361 647 1419 debet
666 1380 731 1419 esse
745 1380 880 1438 praeseus,
895 1362 933 1418 ita
954 1370 985 1418 ut
1007 1378 1112 1418 voces:
1134 1358 1200 1425 hoc,
1215 1356 1272 1423 hic,

182 1480 256 1518 verae
270 1461 336 1516 sint.
379 1459 749 1532 “Requiriturutmateria
772 1458 967 1519 consecranda
988 1459 1017 1516 in
1038 1469 1102 1517 actu
1125 1475 1274 1516 consecra·

182 1560 269 1618 tionis
283 1560 321 1616 sit
333 1576 427 1616 coram
441 1555 634 1617 sacerdote.'’¹
675 1561 713 1618 At
726 1579 845 1618 necesse
860 1568 975 1618 nonest
991 1567 1023 1616 ut
1042 1557 1160 1616 materia
1181 1555 1275 1614 videa·

183 1668 237 1725 tur,
253 1657 299 1715 vel
319 1666 458 1734 tangatur,
472 1677 537 1715 nam
551 1657 651 1717 hostiae
666 1659 794 1736 plurimae
809 1658 894 1716 simul
907 1658 1066 1716 consecrari
1087 1665 1219 1733 possunt,
1233 1655 1275 1713 in·

182 1757 335 1815 serioribus
349 1776 366 1814 a
379 1757 574 1833 superioribus
589 1759 688 1816 tectis:
710 1759 753 1817 sic
766 1767 794 1815 et
806 1777 870 1831 qum
891 1757 1072 1816 continentur
1091 1755 1215 1832 pyxide,
1230 1753 1274 1811 vel

182 1856 301 1925 ciborio,
315 1866 526 1925 consecrantur,
542 1858 626 1915 etiam
647 1857 782 1935 operculo
796 1856 872 1915 haud
892 1865 1012 1922 remoto,
1027 1855 1163 1928 quamvis
1184 1871 1275 1912 remo·

182 1957 243 2014 reri
257 1956 367 2024 debeat,
379 1958 463 2034 juxta
477 1956 642 2015 Rubricam.
684 1957 717 2014 Si
731 1965 796 2033 post
808 1956 927 2015 calicem
941 1955 1027 2013 lateat
1043 1954 1194 2021 ciborium,
1209 1971 1275 2011 con·

184 2066 332 2113 sectantur
344 2054 444 2113 hostie
465 2057 579 2128 quoties
599 2056 711 2113 animus
725 2056 779 2113 suit
798 2054 983 2114 consecrandi
1004 2072 1063 2122 eas,
1078 2072 1151 2126 quas
1170 2050 1276 2110 idcirco

182 2163 318 2231 posuerat
331 2153 368 2211 ibi
382 2153 524 2221 sacerdos,
537 2152 581 2210 vel
595 2153 677 2222 alius,
692 2173 728 2212 eo
742 2155 860 2230 sciente,
874 2155 1006 2228 quamvis
1027 2164 1156 2229 ternpore
1177 2170 1277 2210 conse·

183 2251 317 2309 orationis
332 2252 454 2308 instante
474 2252 634 2328 neglexerit
646 2253 767 2312 educere
787 2255 940 2322 ciborium,
954 2263 1038 2330 prout
1057 2252 1185 2310 Robrica
1206 2269 1276 2328 prae·

185 2348 291 2415 scribit,
306 2357 335 2405 et
347 2348 452 2407 oblitus
473 2351 510 2408 sit
523 2350 618 2408 illius:
634 2361 679 2410 est
691 2353 798 2429 quippe
818 2371 944 2430 presens
964 2352 1089 2419 materia,
1105 2360 1134 2409 et
1156 2350 1277 2409 intentio

184 2446 370 2506 consecrandi
384 2449 485 2505 virtute
502 2467 554 2507 sua
566 2460 723 2526 permanet.
759 2452 827 2509 Nou
843 2463 936 2510 autem
950 2461 1124 2510 consecratae
1139 2448 1276 2508 habendae

183 2557 250 2605 sunt
269 2546 370 2605 hostioe
385 2548 438 2605 sub
459 2549 610 2626 corporali,
625 2550 670 2607 vel
685 2569 755 2622 quas
779 2564 846 2627 post
866 2549 961 2608 altaris
981 2549 1124 2608 chartulas
1144 2549 1275 2615 latentes,

185 2648 233 2705 vel
262 2647 291 2705 in
318 2646 498 2706 tabernaculo
521 2650 662 2724 repositas
683 2668 699 2705 a
721 2651 848 2718 sacrista,
871 2647 947 2706 haud
969 2650 1049 2707 novit
1068 2647 1187 2707 adesse:
1212 2665 1277 2706 nam

186 2747 298 2804 animus
312 2747 338 2803 ei
353 2766 410 2805 non
425 2747 479 2805 fuit
491 2766 540 2805 eas
554 2748 752 2806 consecrandi.
795 2749 890 2825 Super
896 2749 1044 2824 corporale
1058 2747 1165 2805 debent
1176 2747 1277 2805 hostiae

186 2845 386 2904 consecrandae
408 2848 525 2924 apponi,
540 2866 590 2905 seu
606 2849 636 2906 in
649 2848 768 2915 ciborio,
785 2867 835 2905 seu
857 2859 938 2905 extra
952 2847 1033 2915 illud,
1047 2865 1100 2923 pro
1114 2847 1218 2924 majori
1232 2845 1279 2903 vel

186 2946 291 3004 minori
304 2947 397 3022 copia,
412 2956 441 3004 et
462 2947 581 3006 intentio
602 2947 757 3006 sacerdotis
772 2946 855 3007 debet
877 2947 962 3024 dirigi
977 2946 1074 3004 adeas
1095 2964 1199 3004 omues
1214 2964 1276 3018 quae

185 3045 226 3102 ibi
249 3046 443 3121 reperiuntur:
459 3046 537 3118 quod
559 3048 584 3104 si
606 3048 691 3106 vellet
712 3065 878 3106 consecrare
898 3044 1005 3103 hostias
1028 3056 1107 3102 extra
1129 3044 1278 3121 corporale

186 3144 305 3219 positas,
320 3143 481 3219 adjacentes
495 3154 600 3212 tamen,
615 3146 726 3204 videtur
738 3164 834 3222 posse,
849 3145 980 3218 quamvis
990 3145 1114 3222 graviter
1126 3154 1276 3221 peccaret;

187 3239 238 3298 sed
252 3241 362 3312 quoties
377 3243 496 3299 intentio
511 3243 544 3300 ad
566 3262 615 3300 eas
628 3263 685 3302 uon
706 3244 846 3322 dirigitur,
861 3255 1034 3302 consecratae
1060 3262 1120 3302 non
1141 3253 1209 3301 sunt
1230 3242 1279 3300 ha·

186 3337 296 3396 bendae.
340 3337 452 3396 Hostiae
466 3359 568 3397 omnes
582 3353 753 3401 cousecratae
774 3344 877 3402 debent
890 3346 964 3403 intra
984 3361 1060 3400 aram
1081 3361 1195 3401 manere
1219 3352 1278 3400 toto

187 3448 315 3512 tempore
329 3434 490 3495 sacrificii.²
522 3437 664 3499 Craterum
680 3460 742 3500 mos
756 3443 936 3515 relinquendi
947 3442 974 3499 in
989 3443 1068 3499 altari
1083 3443 1195 3500 thecam
1212 3441 1279 3500 hos·

186 3537 288 3595 tiarum
309 3544 354 3592 est
375 3536 590 3612 improbandus,
612 3558 699 3611 quum
727 3541 797 3600 nihil
819 3543 938 3601 omuino
960 3539 1162 3618 apponendum
1185 3541 1223 3598 sit
1247 3542 1277 3599 in

187 3636 276 3703 altari,
288 3635 365 3709 quod
378 3635 412 3693 ad
427 3637 610 3705 sacrificium,
620 3640 666 3697 vel
680 3641 774 3699 altaris
787 3652 918 3700 ornatum
933 3660 990 3698 uon
1004 3640 1154 3717 pertineat.
1177 3639 1279 3697 Gravi·

187 3746 230 3795 ter
251 3745 382 3814 peccaret
402 3736 545 3804 sacerdos,
560 3745 671 3797 tentans
691 3758 857 3798 consecrare
879 3740 987 3798 hostias
1011 3740 1040 3797 in
1063 3758 1162 3797 mensa
1187 3757 1278 3815 prope

187 3836 283 3904 altare,
296 3855 383 3909 quum
405 3837 471 3895 ritui
498 3835 640 3897 Ecclesiae
662 3838 692 3897 id
715 3840 788 3898 soret
809 3841 923 3916 penitus
946 3839 1129 3905 contrarium,
1144 3848 1172 3895 et
1198 3837 1277 3896 dubii

186 3936 301 4003 valoris,
323 3937 454 4009 quamvis
481 3945 580 4013 putent
604 3939 732 3997 nonnulli
758 3938 1004 3998 consecrationem
1031 3939 1061 3996 in
1087 3955 1148 3996 rem
1174 3938 1276 4014 viginti

187 4050 290 4107 passus
304 4034 455 4094 distantem
475 4054 539 4094 esse
552 4033 683 4095 certam⁸

291 4236 334 4299 (l)
353 4235 452 4286 Missole
464 4237 535 4289 Rom.
545 4238 576 4288 de
587 4239 672 4288 defoct.
824 4239 866 4304 (2)
886 4237 913 4286 S.
927 4235 999 4301 Alph.
1008 4237 1024 4286 l.
1036 4236 1068 4286 ri.
1079 4252 1104 4286 n.
1115 4238 1174 4286 ³73.

600 4324 636 4384 (3)
654 4321 754 4382 Ibidem,
765 4336 791 4370 n.
802 4323 860 4369 21³.
