2640 4860
404 396 461 457 DE
483 394 791 456 CONFESSIONE.
1085 403 1142 459 155

52 564 161 633 iecerit,
184 563 318 623 dubitans
343 572 436 623 utrum
457 572 607 641 peccatum
628 562 744 622 mortale
765 563 847 630 foret,
869 569 989 632 tenetur,
1010 565 1095 642 juxta
1106 566 1146 626 D.

52 663 211 732 Thomam,
224 661 296 722 illud
318 663 464 724 confiteri:
488 662 642 729 “Quando
664 661 767 734 aliquis
790 659 900 720 dubitat
918 663 953 722 de
976 663 1072 737 aliquo
1084 685 1150 743 pec·

53 770 127 832 cato,
148 781 186 821 an
208 763 246 821 sit
270 762 398 832 mortale,
422 771 531 821 tenetur
555 761 625 820 illud
648 760 776 820 confiteri
796 758 971 821 dubitatione
991 776 1145 825 manente:

53 863 121 935 quia
134 862 185 935 qui
199 861 306 935 aliquid
317 862 477 930 committit,
485 861 532 919 vel
539 861 652 929 omittit,
661 861 691 919 in
701 878 759 934 quo
770 859 914 918 dubitabat
923 880 987 920 esse
998 876 1148 939 peccatum

55 961 186 1029 mortale,
201 970 302 1038 peccat
314 944 478 1029 mortaliter,
493 960 652 1020 discrimini
673 978 705 1018 sc
729 959 921 1021 committens.
963 961 1004 1019 Et
1017 963 1149 1025 similiter
1258 972 1273 997 *

57 1059 231 1138 periculose
245 1060 403 1128 committit,
417 1061 468 1134 qui
481 1059 516 1119 de
528 1059 595 1128 boc,
610 1058 688 1133 quod
707 1058 815 1117 dubitat
837 1077 901 1118 esse
916 1061 1044 1130 mortale,
1058 1065 1149 1142 negli-

56 1160 97 1236 git
107 1159 253 1218 confiteri:
268 1168 429 1218 nontamen
439 1158 522 1218 debet
535 1176 660 1218 asserere
673 1156 743 1216 illud
757 1159 874 1218 mortale
888 1177 963 1228 esse,
978 1159 1030 1218 sed
1043 1160 1150 1221 dubita-

56 1259 111 1317 tive
124 1257 219 1331 loqui,
233 1267 261 1316 et
269 1257 409 1336 judicium
423 1258 578 1317 sacerdotis
587 1256 749 1335 expectare,
759 1257 841 1334 cujus
852 1269 896 1317 est
905 1259 1066 1318 discernere
1076 1262 1150 1321 inter

56 1358 167 1434 lepram
186 1366 216 1416 et
234 1351 393 1434 lepram.”1
433 1357 518 1425 Quod
538 1357 564 1414 si
583 1357 701 1424 dubitet,
726 1356 883 1416 rationibus
904 1357 971 1416 binc
992 1359 1058 1418 inde
1078 1379 1150 1440 pug·
1175 1394 1189 1411 ι

55 1457 200 1525 nantibus,
223 1475 275 1516 seu
301 1457 434 1534 positive,
453 1468 485 1517 ut
504 1459 592 1526 aiunt,
614 1465 707 1516 utrum
729 1452 875 1517 admiserit
888 1466 1048 1534 peccatum,
1070 1459 1148 1532 quod
1182 1504 1190 1513 e

56 1555 176 1614 mortale
189 1573 254 1615 ease
268 1556 357 1625 novit,
371 1576 408 1615 v:
429 1577 464 1635 g:
485 1556 634 1616 libidinem
644 1573 779 1633 pravam3
805 1557 1039 1617 communissima
1052 1558 1151 1619 dicunt

58 1654 186 1732 theologi
199 1674 258 1714 non
267 1673 331 1714 esse
344 1657 499 1715 confitendi
510 1657 719 1730 necessitatem,
729 1673 817 1727 quum
828 1663 1001 1733 praeceptum
1009 1658 1149 1730 divinum,

58 1763 143 1830 prout
155 1754 314 1831 explicatur
327 1775 343 1812 a
356 1756 470 1834 synodo
484 1756 665 1823 Tridentina,
676 1754 810 1829 respiciat
822 1764 937 1832 peccata
950 1774 1072 1828 quorum
1086 1760 1151 1832 quis

57 1853 191 1911 conscius
205 1861 258 1923 est,
270 1863 301 1912 et
314 1872 435 1927 quorum
448 1856 615 1915 memoriam
637 1854 737 1911 habet:
759 1855 891 1912 conscius
912 1862 1007 1913 autem
1027 1876 1085 1916 non
1106 1867 1151 1915 est

56 1951 176 2028 peccati,
191 1953 241 2025 qui
261 1953 369 2012 dubitat
386 1964 480 2015 utrum
502 1954 572 2014 illud
593 1952 756 2012 admiserit:
778 1953 955 2028 proindeque
969 1973 1026 2014 non
1040 1965 1150 2015 tenetur

57 2051 122 2129 lege
137 2051 303 2126 confitendi.⁴
343 2052 378 2112 In
392 2056 490 2114 mortis
504 2063 599 2112 umen
618 2052 782 2110 discrimine
802 2051 951 2112 advertunt
970 2056 1068 2131 plures
1081 2074 1149 2115 eum

59 2152 150 2210 teneri
164 2150 201 2210 ad
218 2153 302 2210 saluti
321 2153 529 2213 consulendum
548 2153 718 2212 contritione
739 2152 889 2223 elicienda,
910 2153 955 2212 vel
975 2165 1151 2216 sacramento

58 2250 235 2328 paenitentiae
255 2251 452 2328 suscipiendo,
475 2253 511 2311 ad
533 2252 723 2312 damnationis
750 2253 908 2328 periculum
935 2253 1149 2332 effugiendum:

57 2349 109 2408 sed
123 2358 231 2428 negant
243 2369 310 2410 eum
328 2353 418 2411 teneri
432 2352 467 2410 ad
481 2352 549 2409 illud
563 2350 769 2419 confitendum,
783 2353 867 2411 etiam
880 2372 916 2411 eo
930 2353 959 2412 in
973 2353 1149 2415 discrimine.

99 2453 152 2507 55.
174 2449 297 2516 Quando
310 2451 374 2522 quis
388 2452 467 2510 novit
485 2469 518 2509 se
541 2449 647 2523 aliquid
668 2449 782 2517 fecisse,
798 2451 876 2523 quod
894 2460 989 2510 utrum
1003 2463 1151 2529 peccatum

59 2549 147 2607 fuerit
160 2549 279 2608 mortale
293 2549 410 2618 dubitat,
431 2550 558 2628 plerique
582 2550 678 2608 dicunt
696 2565 763 2605 eum
784 2549 872 2606 teneri
885 2548 921 2606 ad
933 2549 1003 2608 illud
1016 2552 1153 2610 confiten-

58 2647 146 2707 dum:
169 2649 237 2721 quia
256 2649 411 2708 omittendo
433 2658 592 2726 exponeret
611 2667 643 2706 se
670 2646 830 2705 discrimini
855 2646 932 2705 haud
959 2647 1153 2707 satisfaciendi

60 2756 205 2824 praecepto
218 2747 316 2806 diuino
329 2750 427 2807 omnia
445 2757 562 2824 peccata
582 2746 709 2806 mortalia
729 2745 759 2804 in
779 2745 960 2804 confessione
981 2745 1151 2807 declarandi.

60 2846 264 2906 Caeterum-S.
291 2846 457 2924 Alphonsus
481 2856 578 2906 censet
603 2864 668 2904 eum
695 2863 782 2921 posse
809 2844 925 2903 dubium
952 2843 988 2903 de
1017 2847 1153 2905 confiten·
1187 2864 1195 2881 ·

59 2945 88 3004 di
114 2946 287 3023 obligatione
313 2945 466 3022 deponere,
497 2947 552 3005 sibi
578 2943 777 3034 persuadendo
799 2962 831 3001 se
860 2962 919 3001 non
944 2944 1033 3002 teneri
1059 2945 1093 3003 ad
1119 2965 1154 3004 ea

60 3063 124 3117 quae
150 3063 210 3105 non
235 3054 303 3105 sunt
328 3054 405 3105 certo
430 3045 559 3105 mortalia
579 3041 750 3102 confitenda.
792 3041 1012 3101 Oonsueverunt
1037 3043 1153 3118 quidem

61 3143 162 3203 fideles
175 3143 380 3205 dubitationem
392 3145 467 3204 hanc
481 3145 570 3204 animi
584 3143 767 3202 confessariis
788 3160 951 3219 exponere;
972 3143 1049 3215 quod
1062 3145 1152 3202 maxi·

60 3261 108 3302 mc
133 3252 179 3302 est
202 3243 386 3313 laudandum,
406 3245 458 3303 sed
484 3244 697 3320 obligationem,
714 3244 800 3321 juxta
819 3241 925 3318 plures,
946 3261 1005 3301 non
1025 3238 1153 3320 probat²

62 3341 141 3402 Hinc
155 3343 263 3402 dicunt
283 3363 341 3403 non
361 3345 450 3403 teneri
475 3344 511 3403 ad
537 3343 749 3401 confessionem
769 3349 834 3400 ante
853 3343 1088 3402 communionem
1102 3344 1152 3417 qui

62 3440 231 3520 hujusmodi
244 3442 331 3502 dubio
350 3444 479 3521 angitur3
502 3442 554 3502 sed
574 3461 661 3519 posse
683 3440 829 3510 accedere,
847 3443 946 3501 saltem
967 3452 1032 3519 post
1052 3443 1155 3503 contri·

62 3542 170 3601 tionem
189 3541 322 3611 elicitam,
348 3543 395 3602 vel
420 3542 627 3602 absolutionem
647 3550 821 3618 susceptam,
848 3540 934 3601 dubio
960 3543 1010 3601 illo
1036 3552 1153 3620 peccato

61 3640 138 3700 haud
151 3642 297 3718 exposito.
338 3641 523 3723 Scrupulosis
546 3642 575 3700 id
595 3650 656 3700 tuto
675 3640 817 3709 suadetur,
835 3660 901 3700 nam
915 3640 1007 3699 dubiis
1022 3641 1154 3699 inanibus

62 3728 234 3816 plerumque
255 3748 405 3819 anguntur.
447 3743 497 3799 Sic
516 3742 602 3800 etiam
623 3741 679 3817 piis
700 3740 845 3819 plerisque
868 3739 1044 3806 hominibus,
1068 3739 1119 3812 qui
1138 3756 1155 3794 a

62 3849 182 3915 peccato
194 3840 344 3899 abhorrere
355 3849 572 3909 consueverunt,
588 3848 645 3898 tuto
659 3838 830 3916 permittitur
848 3847 879 3896 ut
892 3837 978 3895 dubia
989 3836 1051 3893 haec
1065 3834 1154 3912 negli-

58 3947 137 4015 gant,
152 3957 243 4012 qnum
256 3940 305 3998 vix
317 3939 380 3998 fieri
393 3941 484 4018 possit
503 3948 534 3998 ut
556 3939 587 3998 in
609 3957 694 4016 grave
708 3944 857 4016 peccatum
870 3935 944 4013 lapsi
966 3935 1024 3993 sint
1043 3934 1152 4007 absque

61 4047 139 4096 certa
151 4039 216 4116 ejus
229 4038 411 4097 conscientia.
453 4039 524 4106 Quae
539 4057 590 4097 eos
611 4047 715 4096 vexant
734 4035 917 4111 cogitationes
936 4041 1032 4110 turpes
1055 4042 1084 4092 et
1102 4033 1154 4093 im·

59 4139 126 4215 piae,
141 4147 210 4197 sunt
221 4137 312 4197 hostis
326 4138 424 4197 salutis
435 4138 567 4196 terricula
580 4145 608 4195 et
620 4135 837 4195 ludificationes.

135 4360 178 4427 (l)
197 4374 232 4410 ur
242 4358 367 4429 p..Suppl.
376 4359 461 4425 quat
473 4365 515 4410 art.
527 4358 636 4409 inadd.
847 4355 890 4423 (2)
909 4353 1088 4407 L.ri.n.474.
