2640 4860
112 369 153 426 26
400 362 457 424 DE
479 362 909 424 SACRAMENTALIBUS.

150 536 199 590 58.
220 533 256 592 In
274 530 534 592 Sacramentalibus
548 532 684 590 omnibus
704 529 872 590 adhibendis
893 528 1050 590 curandum
1064 547 1101 588 ne
1114 486 1195 592 rebus

109 633 199 692 nimia
211 631 347 691 tribuatur
359 632 414 699 vis,
428 631 474 690 vel
487 632 517 690 in
530 632 566 688 iis
580 630 686 689 fiducia
698 639 859 711 reponatur,
873 630 1013 708 neglectis
1033 630 1090 707 piis
1112 633 1197 690 animi

22 750 26 755 ·
113 731 272 799 affectibus,
286 731 335 805 qui
350 732 493 808 precipue
501 728 697 788 desiderantur
709 729 744 787 ad
758 747 870 788 cacum
884 729 976 788 fructu
990 727 1162 788 adhibenda.

153 834 202 889 59.
223 830 270 890 De
295 831 474 890 ceremoniis
500 829 596 887 statuit
620 827 774 887 concilium
801 827 1020 887 Tridentinum:
1050 827 1197 901 “Siquis

111 931 217 991 dixerit
229 939 359 1007 receptos
372 938 401 987 et
419 930 587 1007 approbatos
607 926 747 987 Ecclesia
762 926 919 986 catholice
939 929 1010 986 ritus
1023 929 1054 987 in
1075 926 1198 988 solemni

112 1039 352 1090 sacramentorum
373 1027 614 1087 administratione
636 1024 766 1087 adhiberi
791 1037 954 1095 consuetos,
974 1035 1023 1084 aut
1042 1028 1199 1099 contemni,

112 1139 161 1189 aut
173 1130 237 1189 sine
250 1136 371 1207 peccato
384 1146 401 1185 a
416 1121 553 1185 imnistris
568 1145 620 1205 pro
632 1125 722 1185 lubito
735 1126 838 1194 omitti,
853 1135 902 1185 aut
913 1126 943 1184 in
955 1144 1047 1185 novos
1061 1125 1133 1186 alios
1151 1145 1202 1204 per

113 1247 323 1303 quemcumque
349 1226 491 1286 Ecclesia
511 1236 653 1304 pastorem
672 1227 775 1284 mutari
800 1242 906 1302 posse;
941 1225 1091 1284 anathema
1117 1221 1200 1284 sit.”¹

111 1329 201 1406 Igitur
220 1329 311 1402 liquet
329 1339 477 1403 peccatum
497 1324 606 1383 admitti
619 1325 732 1400 quoties
749 1323 874 1407 ritusilli
894 1334 999 1383 temere
1019 1326 1197 1384 omittuntur.

114 1426 255 1487 Sacerdos
281 1426 387 1485 idcirco
414 1434 522 1483 tenetur
546 1443 597 1484 eos
623 1433 753 1484 accurate
778 1422 888 1482 discere
914 1432 943 1481 et
967 1442 1120 1502 peragere:
1148 1443 1223 1483 nec

114 1535 266 1587 excusatus
285 1523 434 1583 habendus
448 1534 493 1582 est
505 1524 530 1582 si
543 1542 581 1582 ex
597 1525 686 1583 animi
697 1523 821 1590 levitate,
835 1523 881 1582 vel
896 1520 1068 1583 adstantium
1082 1523 1202 1601 pudore,

113 1627 163 1700 qui
186 1642 235 1683 eos
258 1623 352 1682 forsan
377 1623 541 1691 irridebunt,
563 1624 609 1682 vel
634 1642 673 1682 ex
697 1622 875 1681 festinatione
888 1623 986 1690 ,nimia
1002 1642 1054 1681 eos
1081 1625 1201 1683 omittat.

112 1722 258 1798 Equidem
269 1741 322 1800 pro
331 1723 402 1782 ritus
411 1731 509 1782 natura
519 1720 775 1800 culpaaestimanda
787 1733 848 1790 est;
869 1720 933 1780 leve
941 1723 1051 1801 quippe
1063 1733 1108 1782 est
1117 1724 1204 1781 ritum

112 1823 190 1884 haud
203 1823 301 1901 magni
313 1823 450 1882 momenti
463 1824 612 1903 omittere:
634 1821 686 1881 sed
699 1838 786 1898 grave
798 1820 872 1880 soret
883 1831 1031 1898 peccatum
1045 1822 1202 1898 plerosque

115 1943 167 2003 pro
185 1924 276 1983 lubitu
294 1922 448 2001 negligere,
462 1922 509 1981 vel
528 1910 568 1981 ita
586 1940 722 1998 peragere
742 1928 774 1978 ut
792 1920 967 1979 adstantibus
980 1922 1018 1979 sit
1035 1921 1202 1989 offensioni,

116 2033 255 2097 quatenus
275 2031 393 2080 censent
416 2040 482 2080 eum
507 2037 559 2078 eos
582 2020 665 2096 parvi
689 2018 793 2078 iacere.
841 2019 984 2096 Spcmere
1009 2022 1205 2080 auctoritatem

114 2122 267 2189 Ecclesia,
282 2138 339 2192 qua
358 2119 585 2195 prescribantur,
599 2127 644 2176 est
662 2135 778 2196 semper
795 2127 945 2195 peccatum
965 2121 1103 2179 mortale:
1126 2119 1205 2195 quod

113 2219 255 2279 hereticis
275 2219 304 2276 in
324 2234 404 2275 more
423 2226 485 2285 est;
506 2218 633 2277 sednon
651 2219 747 2277 statim
765 2216 944 2278 damnandus
956 2228 1001 2278 est
1013 2221 1083 2279 tanti
1095 2220 1205 2288 delicti,

115 2319 165 2392 qui
178 2317 265 2376 nimis
275 2334 328 2374 suo
336 2315 446 2393 judicio
459 2315 546 2376 fretrus
560 2317 683 2392 aliquem
694 2318 779 2377 ritum
791 2308 1206 2398 reprehendis,quemlegive1

114 2415 312 2476 consuetudini
323 2415 484 2488 obsequens
497 2426 599 2475 serrat.
641 2415 707 2476 Hac
718 2416 828 2479 ratione
843 2417 1030 2496 mitigandam
1051 2437 1204 2478 censemus

115 2516 287 2576 sententiam
295 2516 430 2575 ,Antoine
443 2516 493 2590 qui
506 2515 590 2575 dicit:
600 2553 603 2558 -
613 2524 633 2552 ‘⁴
645 2517 679 2577 Si
692 2517 756 2576 sine
769 2517 938 2576 necessitate
955 2527 1075 2595 urgente
1096 2518 1205 2594 aliquid

115 2618 263 2686 omittitur,
273 2616 519 2676 estmortaleinre
530 2617 618 2694 gravi,
627 2625 656 2674 ct
665 2615 887 2692 venialeinleri.
921 2617 978 2676 Est
987 2626 1082 2677 tamen
1090 2637 1205 2696 semper

114 2717 233 2777 mortale
243 2717 289 2775 vel
299 2717 447 2776 minimam
457 2716 654 2779 ceremoniam
668 2716 797 2775 omittere
811 2733 848 2774 ex
861 2726 1035 2795 contemptu,
1045 2717 1206 2796 judicando

113 2817 192 2876 illam
206 2834 271 2875 esse
285 2816 331 2875 vel
344 2818 469 2885 inanem,
483 2816 529 2875 vel
541 2816 677 2894 ineptam,
687 2823 734 2875 aut
747 2814 855 2889 aliquid
869 2815 972 2885 simile,
987 2818 1055 2890 quia
1065 2818 1161 2894 gravis
1170 2818 1203 2875 fit

114 2917 221 2997 injuria
230 2917 381 2985 Ecclesiae,
396 2926 424 2975 et
436 2917 556 2995 Spiritui
569 2916 676 2975 Sancto
689 2937 705 2974 a
719 2934 775 2990 quo
788 2907 946 2993 regitur.’'²

154 3017 337 3077 60.1dioma
363 3018 495 3077 Latinum
516 3036 573 3091 quo
595 3017 665 3076 ritus
685 3017 757 3075 sacri
781 3016 854 3075 fiunt
872 3034 924 3092 per
943 3015 1094 3093 plerasque
1115 3015 1202 3074 Orbis

114 3116 224 3194 plagas,
250 3117 392 3190 imprimis
413 3115 591 3176 retinendum
611 3125 730 3184 constat,
756 3134 823 3174 nam
856 3115 1033 3193 gravissimis
1052 3134 1090 3175 ex
1110 3117 1205 3175 causis

114 3220 282 3291 usurpatum
294 3222 346 3280 est,
361 3222 389 3270 et
401 3223 511 3273 vetusta
524 3216 621 3273 nititur
636 3213 851 3272 consuetudine.
894 3213 978 3281 Quod
989 3215 1075 3292 igitur
1085 3214 1203 3288 aliquis,

115 3314 232 3392 proprio
245 3311 331 3369 veluti
344 3320 444 3379 marte,
457 3311 576 3389 Anglice
587 3311 711 3388 proferat
720 3330 786 3385 que
800 3312 902 3372 Latine
915 3322 1126 3374 consueverunt
1137 3312 1204 3383 dici,

117 3413 209 3492 gravis
227 3418 272 3468 est
289 3409 384 3487 culpa,
399 3411 424 3468 si
444 3412 514 3470 ritus
531 3419 616 3478 totus,
637 3410 684 3470 vel
696 3430 800 3490 magna
820 3413 884 3490 ejus
905 3431 982 3490 pars,
1003 3413 1046 3472 sic
1071 3421 1205 3474 mutetur.

116 3508 363 3570 Consuetudinem
374 3508 478 3569 alicubi
486 3510 517 3568 in
526 3509 670 3570 sederatis
683 3511 809 3571 Statibus
819 3512 887 3572 olim
899 3510 1044 3572 inductam
1055 3513 1206 3591 plerasque

115 3609 250 3689 baptismi
274 3609 320 3667 vel
352 3610 523 3668 matrimonii
550 3629 650 3688 preces
674 3611 796 3690 Anglice
820 3610 967 3680 recitandi,
994 3611 1202 3673 emendandam

113 3712 202 3794 Jussit
214 3708 365 3770 concilium
377 3709 586 3769 Baltimorense
596 3709 621 3769 1.
632 3709 784 3789 indulgens
794 3719 890 3770 tamen
899 3720 930 3772 ut
939 3712 1061 3771 recitatis
1069 3713 1203 3790 precibus

116 3813 229 3882 Latine,
244 3810 367 3891 Anglica
384 3810 478 3869 versio
497 3810 725 3889 subjungeretur,
739 3810 853 3885 quotics
866 3810 1003 3890 expedire
1016 3809 1163 3871 videretur
1175 3813 1205 3870 in

14 3906 19 3917 '
114 3912 284 3972 adstantium
305 3910 530 3971 instructionem.
571 3910 665 3970 Venia
677 3908 731 3968 hac
744 3911 785 3971 uti
804 3909 882 3980 licet,
896 3910 948 3970 sed
968 3928 1053 3989 parce
1068 3921 1097 3970 et
1110 3921 1202 3981 caute,

95 4002 150 4068 'ne
176 4015 285 4072 senaim
310 4013 372 4072 sine
397 4029 493 4080 sensu,
520 4010 609 4070 veluti
630 4027 695 4095 pars
715 4010 784 4069 ritus
806 4011 967 4070 necessaria
988 4009 1134 4080 habeatur,
1157 4009 1204 4069 vel

114 4107 223 4168 Latine
234 4128 336 4186 preces
346 4106 524 4172 omittantur.

385 4265 428 4332 (1)
448 4265 514 4315 Sese.
523 4265 565 4317 vii.
577 4281 631 4318 carn
640 4263 691 4316 xiie
703 4264 733 4315 da
744 4263 915 4317 sacramentis

386 4351 429 4417 (2)
448 4349 673 4416 mensarios.
684 4350 718 4402 ix.
