2640 4860
119 382 179 441 664
384 373 443 434 DE
465 372 640 433 NATURA
660 370 939 431 MATRlMONII.

117 540 271 625 probabilis
291 538 409 599 suadeat
428 540 639 600 matrimonium
658 556 723 597 esse
742 538 866 607 nullum,
886 557 942 598 neo
962 538 1055 597 ullum
1080 539 1196 597 habeatur

120 651 316 719 argumentum
337 639 414 713 quod
432 641 533 707 valeat,
546 638 690 715 disputant
708 636 776 696 hinc
798 637 866 696 inde
887 638 1017 715 theologi
1037 648 1130 697 utrum
1147 647 1198 714 post

119 740 293 818 diligentiam
307 740 410 797 frustra
429 739 594 806 adhibitam,
607 738 692 795 liceat
703 746 763 794 turu
777 746 883 813 petere,
898 748 960 795 tum
982 736 1111 796 reddere.
1155 737 1200 803 Qui

121 840 274 905 affirmant,
286 839 385 897 dicunt
397 838 571 897 dubitantem
585 854 672 913 posse
684 846 789 894 certam
800 837 856 894 sibi
870 837 1077 895 conscientiam
1092 837 1199 903 efficere,

121 957 158 998 eo
178 940 279 997 uirum
300 938 452 1015 principio,
467 935 545 1010 quod
558 955 644 995 nemo
653 936 719 1012 jure
732 935 877 995 bonafide
897 936 1041 1008 acquisito
1061 935 1201 1012 privandus

121 1039 239 1105 sitnisi
259 1050 337 1095 certo
356 1037 488 1113 probetur
507 1035 583 1108 quod
603 1034 712 1093 nullum
728 1035 779 1111 jus
800 1035 911 1093 habeat.
954 1034 1043 1101 Quod
1063 1037 1089 1094 εἰ
1110 1037 1202 1113 conjux

122 1138 254 1195 dubitans
268 1136 367 1194 habeut
378 1136 502 1194 rationes
516 1136 554 1192 ita
573 1135 774 1192 convincentes
787 1133 822 1191 de
836 1134 962 1192 nullitate
984 1135 1167 1201 matrimonii,
1178 1143 1202 1190 ut

122 1234 241 1294 fundent
259 1234 294 1293 de
321 1254 355 1291 ea
379 1235 516 1292 moralem
542 1232 749 1301 certitudinem,
770 1242 837 1291 tunc
862 1243 939 1291 certe
960 1252 1015 1290 nee
1036 1246 1141 1308 petere,
1160 1251 1202 1291 uec

122 1334 239 1393 reddere
261 1343 362 1410 potest.
417 1332 489 1391 Item
512 1344 586 1390 reete
606 1331 725 1389 advertit
744 1331 835 1390 Croix
850 1375 858 1390 .
875 1373 883 1390 .
899 1373 907 1390 .
923 1331 1002 1405 quod
1024 1331 1164 1401 dubitans,
1182 1333 1202 1388 si

122 1434 215 1491 adhuc
228 1452 309 1509 spem
324 1431 490 1509 prodentem
505 1431 588 1488 habet
601 1430 765 1489 inveniendi
776 1433 913 1509 majorem
926 1432 1138 1499 certitudinem,
1147 1444 1202 1490 tune

121 1534 222 1605 nequit
236 1544 340 1609 petere,
355 1532 432 1603 quia,
445 1549 510 1588 eum
530 1529 647 1588 dubium
661 1530 753 1588 adbuc
765 1543 810 1588 εει
828 1530 974 1599 docibile,
989 1550 1050 1589 uon
1070 1541 1162 1607 potest
1172 1531 1203 1589 uti

119 1632 185 1707 juro
200 1624 363 1708 petendi.”¹

162 1734 212 1787 55.
233 1730 266 1789 Si
280 1730 345 1803 quis
359 1730 463 1788 dubius
473 1730 509 1787 de
522 1727 727 1805 impedimento
746 1730 918 1787 contraxerit
939 1730 1164 1796 matrimonium,
1180 1737 1202 1785 et

122 1827 260 1907 deinceps
275 1830 355 1888 omni
369 1829 494 1888 adhibita
506 1827 662 1904 diligentia,
671 1827 747 1886 haud
760 1829 882 1905 potuerit
893 1829 934 1886 rei
948 1830 1100 1887 veritatem
1113 1828 1203 1886 habere

123 1928 311 2005 exploratam,
337 1928 467 1987 nonnulli
487 1929 585 1986 dicunt
604 1945 670 1985 eum
690 1945 775 2004 posse
791 1927 855 2004 jure
876 1926 991 2004 peteudi
1013 1930 1072 1986 nti:
1101 1928 1164 2000 quia
1180 1927 1202 1984 in

124 2025 213 2085 dubio
225 2026 355 2085 standum
366 2038 410 2084 est
422 2045 474 2102 pro
488 2026 583 2085 valore
597 2020 702 2094 actus,²
714 2035 742 2083 et
757 2026 936 2085 matrimonio
950 2025 1107 2085 favendum
1121 2037 1171 2096 est,
1181 2033 1204 2084 et

123 2123 198 2183 fori
191 2126 291 2184 rntemi
306 2125 450 2202 judicium
470 2123 552 2182 hac'
545 2143 574 2183 ιιι
594 2143 624 2181 re
645 2143 712 2183 cum
731 2135 848 2183 externo
871 2125 1049 2184 concordare
1073 2125 1163 2193 debet,
1180 2127 1204 2183 ln

123 2239 181 2294 quo
195 2242 248 2299 pro
261 2222 355 2280 valore
369 2222 541 2280 matrimonii
555 2222 588 2279 fit
599 2225 751 2282 sententia.

162 2324 211 2378 56.
233 2319 268 2379 Ιιι
281 2319 366 2378 dubio
380 2320 503 2395 positivo
521 2320 556 2377 de
576 2320 671 2379 valore
693 2323 873 2391 matrimonii,
894 2342 950 2380 ex.
972 2343 1011 2402 g:
1033 2326 1059 2382 si
1080 2277 1205 2382 dubitetur

122 2416 158 2476 de
167 2418 382 2495 impedimento,
393 2419 439 2476 vel
450 2418 485 2476 de
493 2438 637 2478 consensu
651 2422 787 2498 prestito,
792 2421 978 2498 judicandum
992 2424 1075 2482 estin
1090 2423 1204 2480 savorem

123 2518 297 2577 matrimonii
310 2518 456 2587 contracti,
471 2519 537 2592 quia
549 2529 628 2576 aetus
651 2538 766 2598 semper
786 2520 933 2578 habendus
955 2531 999 2579 est
1018 2523 1140 2591 validus,
1157 2520 1205 2581 nisi

105 2619 296 2678 ocentrarium
309 2626 428 2676 constet.
449 2615 483 2670 ’κ

163 2722 212 2777 57.
235 2719 409 2790 Plerumque
423 2736 480 2775 non
495 2726 603 2775 tenetur
616 2719 723 2794 conjux
746 2717 824 2775 alteri
845 2717 931 2775 fidem
953 2719 1089 2778 adhibere
1110 2730 1206 2797 protes·

124 2818 194 2874 tanti
216 2836 248 2874 se
271 2816 346 2874 haud
369 2817 534 2892 prestitisse
555 2834 741 2884 consensum,
763 2816 830 2874 licet
853 2816 882 2874 id
900 2818 1011 2893 juratus
1037 2819 1129 2877 dieat:
1151 2836 1206 2877 nam

125 2924 144 2950 “
156 2916 242 2974 nimis
257 2916 404 2993 indignum
418 2927 470 2983 est,
480 2914 596 2988 utquod
606 2917 727 2989 quisque
737 2934 789 2973 sua
797 2934 866 2973 voce
878 2926 1049 2990 protestatus
1061 2929 1114 2987 est,
1126 2919 1208 2976 valeat

121 3016 238 3091 proprio
252 3016 414 3073 testimonio
427 3006 620 3073 infirmare.'’³
660 3014 719 3072 Sed
739 3016 768 3072 in
782 3015 953 3090 specialibus
966 3035 1063 3076 rerum
1077 3017 1206 3095 adjunctis

123 3130 187 3185 quae
202 3113 288 3171 fidem
302 3113 456 3173 conciliant
467 3115 593 3186 loquenti
608 3112 684 3171 credi
698 3122 800 3190 potest.

163 3215 212 3268 58.
235 3211 346 3268 Rumor
358 3213 494 3280 incertus,
509 3213 554 3269 vel
568 3211 647 3270 nullo
662 3222 738 3270 certo
753 3222 823 3270 teste
847 3213 1077 3283 commendatus,
1101 3224 1207 3272 nonest

120 3311 191 3366 ratio
205 3308 361 3376 sufficiens,
377 3329 428 3367 cur
441 3311 505 3383 quis
519 3330 535 3366 a
555 3312 736 3370 matrimonio
751 3313 938 3369 abstineatur:
960 3313 1012 3370 sed
1025 3316 1112 3372 unius
1133 3315 1202 3372 testis

121 3403 177 3462 fide
191 3405 269 3495 digni
283 3405 432 3464 affirmatio
447 3406 481 3464 de
495 3426 524 3465 re
538 3408 592 3465 sibi
616 3412 740 3487 cognita,
755 3418 799 3468 est
810 3413 882 3469 ratio
896 3411 1069 3484 inquirendi,
1085 3413 1205 3487 quamvis

121 3521 207 3563 neruo
221 3511 349 3562 teneatur
361 3506 410 3561 uni
424 3507 488 3562 testi
502 3505 625 3563 credere.

187 3684 230 3751 (l)
250 3683 277 3733 S.
291 3683 363 3749 Alph.
373 3683 389 3732 l.
400 3683 432 3732 vi.
443 3699 470 3734 ιι.
483 3686 541 3734 965.
730 3689 772 3753 (2)
793 3686 823 3736 L.
836 3687 945 3747 Quoties,
957 3686 983 3736 ff.
994 3687 1024 3738 de
1035 3688 1077 3740 reb
1090 3689 1147 3741 dud.

414 3773 456 3837 (3)
478 3771 507 3821 G.
520 3771 587 3822 Cum
599 3774 700 3834 anobis,
711 3773 740 3824 dc
754 3773 856 3826 testibus
867 3778 890 3824 et
901 3778 982 3825 altrat.
