2640 4860
310 390 367 451 DE
389 389 573 450 MUNERE
595 387 885 452 OONFESSARII.
1084 398 1144 454 225

52 559 87 617 S.
102 557 287 635 Alphonsus:
311 558 463 616 “Moralis
486 558 605 616 scientia
626 576 685 616 non
704 559 799 617 solum
818 559 898 618 valde
920 560 1083 617 necessaria
1101 568 1146 618 est

52 657 215 716 christiana
234 658 409 734 reipublice,
423 676 488 716 cum
503 676 540 715 ex
553 676 588 714 ea
601 656 760 732 dependeat
778 659 885 716 bonum
899 660 1027 734 regimen
1040 661 1145 717 anima·

54 774 130 824 rum,
145 754 195 813 sed
210 758 294 814 etiam
309 767 353 814 est
371 775 554 832 summopere
575 755 716 824 difficilis;
737 768 796 814 turn
819 758 885 829 quia
904 757 966 832 ipsa
984 759 1146 834 generalem

55 855 187 914 notitiam
201 857 318 928 requirit
330 857 459 914 omniurn
475 856 591 913 aliarum
603 856 793 923 scientiarum,
807 855 979 922 officiorum,
988 866 1016 913 et
1025 858 1144 924 artium;

57 963 118 1012 tum
132 955 200 1025 qnia
213 964 254 1011 tot
266 955 392 1012 diversas
413 955 611 1030 complectitur
633 955 764 1011 materias
786 954 858 1011 inter
879 973 911 1011 se
934 954 1065 1022 dissitas3
1086 965 1146 1014 tum

55 1053 123 1125 quia
136 1052 165 1109 in
180 1071 282 1130 magna
295 1062 376 1129 partev
386 1063 497 1111 constat
509 1062 550 1111 tot
562 1053 673 1129 legibus
693 1053 834 1128 positivis,
850 1072 912 1126 quae
933 1053 1049 1110 nonnisi
1069 1054 1146 1130 apud

56 1150 208 1208 Casuistas
222 1152 311 1210 allatae
324 1152 515 1218 inveniuntur,
528 1152 687 1209 etmaxime
701 1151 775 1227 apud
785 1153 967 1220 recentiores,
975 1171 1040 1209 cum
1048 1151 1146 1229 hujus·

56 1249 136 1309 modi
156 1251 234 1326 leges
254 1252 284 1310 in
304 1250 365 1308 dies
393 1250 546 1328 prodeant;
574 1249 689 1308 demum
711 1250 879 1308 difficillima
904 1250 1006 1317 evadit,
1030 1259 1146 1327 propter

56 1350 221 1407 innumeras
244 1369 360 1408 casuum
383 1350 620 1416 circumstantias,
635 1369 672 1407 ex
693 1350 796 1421 quibus
816 1350 1020 1408 resolutionem
1042 1348 1148 1426 pendet

56 1448 193 1506 variatio:
214 1466 280 1506 nam
300 1467 337 1506 ex
357 1449 629 1507 circumstantiarum
656 1449 818 1506 diversitate
838 1449 950 1506 diversa
975 1447 1144 1525 applicanda

55 1555 121 1604 sunt
135 1547 293 1624 principia:
315 1549 393 1606 etin
415 1548 471 1605 hoc
491 1547 642 1604 difficultas
659 1545 837 1606 consistit.‘’¹
878 1547 937 1613 Qui
959 1549 995 1606 ob
1014 1547 1145 1607 fidelium

56 1646 255 1704 necessitatem
276 1646 310 1704 ad
333 1646 531 1705 consessiones
553 1645 707 1705 audiendas
729 1646 911 1705 admittuntur
931 1666 1030 1723 parum
1051 1645 1144 1704 edocti

56 1763 170 1804 morum
184 1745 333 1822 principia,
348 1755 376 1803 et
394 1747 554 1805 sanctiones
576 1746 792 1812 ecclesiasticas,
807 1757 835 1802 et
844 1745 1008 1823 judicandis
1023 1746 1145 1823 singulis

55 1845 150 1910 rebus,
155 1844 240 1920 juxta
246 1844 298 1902 has
308 1863 432 1912 normas,
445 1845 520 1903 haud
531 1847 648 1913 assueti,
660 1863 762 1921 magno
773 1854 918 1903 versantur
929 1846 958 1901 in
966 1844 1143 1904 discrimine.

56 1943 116 2008 Qui
129 1951 222 2001 autem
236 1963 293 2003 non
308 1954 423 2010 temere,
437 1943 489 2001 sed
501 1944 679 2020 superiorum
689 1943 811 2022 judicio,
821 1945 996 2012 evectisunt,
1011 1944 1144 2001 excusari

54 2049 187 2118 possunt,
202 2044 227 2100 si
241 2053 348 2111 curent,
363 2052 501 2116 quatenus
521 2044 642 2111 valeant,
657 2061 708 2100 sua
727 2044 824 2101 munia
844 2042 999 2111 addiscere,
1014 2052 1042 2101 et
1055 2043 1144 2110 obire,

55 2141 161 2199 honori
174 2140 272 2199 divino
285 2151 313 2200 et
326 2143 484 2200 animarum
505 2143 588 2200 saluti
601 2143 791 2200 consulentes.

94 2243 165 2297 214.
188 2239 366 2298 Confessarii
392 2243 452 2312 qni,
479 2240 573 2299 studio
599 2241 768 2318 Theologiae
795 2241 913 2299 Moralis
940 2241 1144 2317 pretermisso,

56 2357 164 2396 munus
178 2357 263 2397 suum
283 2348 426 2407 exercent,
439 2340 489 2397 vix
503 2350 624 2415 possunt
636 2359 652 2396 a
671 2342 748 2416 gravi
762 2349 879 2415 peccato
900 2342 1041 2408 excusari,
1056 2358 1144 2412 quum

57 2437 206 2495 scientiam
229 2438 418 2495 necessariam
442 2437 477 2494 ad
497 2437 526 2495 id
545 2438 596 2494 rite
616 2437 779 2495 obeundum
800 2456 963 2513 comparare
984 2439 1146 2515 negligant:

57 2537 109 2609 qui
122 2537 212 2595 semel
229 2535 322 2595 edocti
341 2535 417 2593 haud
438 2545 535 2595 curant
554 2535 685 2593 refricare
705 2535 884 2603 memoriam,
898 2545 1026 2593 auctores
1046 2554 1147 2594 consu·

55 2635 153 2703 lendo,
175 2636 221 2694 vel
241 2635 392 2703 doctiores,
413 2653 484 2707 quos
507 2643 619 2702 norunt,
641 2632 839 2700 confessarios,
861 2635 1014 2706 omniaque
1038 2645 1144 2690 temere

56 2733 224 2804 decernunt,
251 2753 356 2812 magno
382 2733 493 2791 errandi
525 2733 654 2810 periculo
679 2751 711 2789 se
737 2742 893 2808 exponunt.
936 2732 1018 2788 Licet
1042 2731 1147 2789 idcirco

55 2835 205 2911 episcopis
218 2834 407 2892 confessarios
420 2833 455 2890 ad
476 2851 594 2891 casuum
617 2832 798 2889 conscientia
819 2829 1026 2888 discussionem
1040 2830 1146 2905 pluries
1243 2872 1251 2881 .

55 2934 88 2992 iu
102 2951 178 2992 anno
191 2951 359 3000 convocare,
372 2933 474 3004 quibus
488 2932 658 2991 intervenire
672 2939 801 2988 tenentur
813 2929 967 3005 regulares,
982 2929 1030 3002 qui
1045 2947 1148 3005 appro-

51 3032 111 3091 bati
130 3041 197 3091 suut
216 3033 251 3090 ad
272 3031 467 3090 consessiones
488 3030 665 3090 saecularium
683 3028 848 3094 audiendae,
862 3029 919 3086 nisi
933 3045 1015 3086 casus
1036 3027 1145 3085 consci-

55 3132 138 3189 entiae
152 3132 183 3190 in
196 3151 249 3189 suo
262 3140 403 3190 conventu
416 3129 601 3189 discutiantur
614 3129 693 3187 statis
707 3123 908 3204 temporibus.²

256 3332 281 3405 §.
296 3331 337 3389 ΙΙ.
373 3331 421 3388 Da
442 3348 757 3389 iussurosumoumus
776 3348 946 3388 ruomunrs.

96 3511 168 3565 215.
191 3507 329 3572 Quamvis
340 3506 501 3583 poenitentis
514 3507 551 3563 sit
563 3507 691 3583 seipsum
705 3524 847 3572 accusare,
861 3515 982 3563 attamen
997 3506 1021 3563 si
1037 3505 1148 3562 confes·

59 3607 152 3664 sarius
166 3604 371 3663 animadvertat
377 3624 442 3663 eum
450 3624 508 3663 non
521 3606 589 3662 satis
604 3623 669 3662 suns
683 3605 798 3680 explere
808 3612 911 3680 partes,
921 3602 1004 3661 debet
1016 3603 1148 3678 supplere

61 3704 329 3781 interrogationibus
343 3704 497 3779 prudenter
510 3703 609 3762 factis:
632 3712 651 3739 “
665 3702 804 3760 Sacerdos
819 3710 912 3760 autem
923 3701 961 3758 sit
972 3700 1111 3758 discretus
1121 3707 1149 3756 et

61 3812 176 3870 cautus3
197 3802 348 3880 diligenter
360 3804 506 3876 inquirens
516 3812 544 3858 et
556 3801 712 3878 peccatoris
726 3799 949 3857 circumstantias
963 3805 991 3855 et
1003 3795 1145 3873 peccati.”

61 3899 104 3958 lta
118 3899 245 3960 decrevit
258 3901 410 3959 concilium
424 3900 614 3959 Lateranense
628 3894 698 3959 1v.¹
739 3896 882 3953 Ceterum
896 3913 954 3953 non
962 3913 996 3951 ea
1009 3914 1025 3951 a
1037 3893 1149 3952 confes·

64 3999 137 4058 sario
150 4001 275 4077 exigitur
288 4000 317 4058 in
330 4000 462 4058 examine
475 3999 630 4075 diligentia,
645 4014 708 4070 qnae
722 3993 870 4071 poenitenti
882 3991 1033 4050 convenit:
1055 3990 1108 4048 sed
1121 3991 1149 4049 vi

96 4166 146 4319 ((12))
154 4163 368 4316 Illevolrzdgddg.
380 4250 518 4316 Disciplina
531 4253 554 4299 8.
566 4249 630 4298 Nov.
644 4249 716 4296 1752.
733 4245 830 4309 approb.
841 4261 856 4293 a
867 4240 999 4294 Benedicta
1009 4241 1080 4294 XIV.
1091 4247 1151 4294 tom.

68 4332 96 4384 ir.
106 4333 215 4387 Bullsrii.
619 4333 661 4398 (3)
682 4330 744 4396 Gap.
755 4329 806 4381 xxi.
883 4335 886 4339 '
