2640 4860
175 375 232 432 184
478 365 558 434 ,Du
581 365 931 426 SATlSFACTIONE.

173 538 206 597 Si
219 535 291 594 levis
303 532 343 593 eit
360 533 535 611 poenitentia,
548 534 617 593 licet
635 534 733 611 gravia
745 533 848 592 delicta
860 533 1000 592 declarata
1013 533 1073 592 sint
1092 534 1259 602 confitendo,

172 635 248 710 quod
258 633 409 707 aliquando
421 633 602 710 contingitob
611 633 809 692 vehementem
821 634 984 710 paenitentis
995 634 1208 701 contritionem,
1222 633 1261 692 vel

172 734 364 794 infirmitatem
377 733 513 808 corporis,
523 733 569 790 vel
577 733 659 791 aliam
671 731 836 809 hujusmodi
846 751 971 800 causam,
980 750 1043 790 eam
1054 734 1188 791 omittere
1197 752 1261 792 non·

172 835 229 894 nisi
244 832 364 890 venialis
378 831 489 890 videtur
502 831 605 907 culpa;
626 832 757 905 quamvis
777 831 907 890 nonnulli
921 850 983 889 eam
997 849 1115 908 gravem
1131 842 1262 891 censeant

173 935 209 991 ob
224 951 338 990 causam
351 941 466 1008 propter
479 949 564 1003 quam
578 932 712 1008 imposita
724 939 777 988 est.

216 1035 282 1089 111.
306 1030 477 1090 Poeuitentia
496 1029 566 1088 levis
581 1030 617 1087 ob
630 1031 721 1088 levem
743 1030 856 1105 culpam
876 1030 1002 1107 injuncta
1022 1031 1173 1098 omittitur,
1183 1032 1262 1108 juxta

174 1132 337 1207 plerosque,
351 1131 456 1201 absque
477 1131 557 1206 gravi
577 1140 714 1206 peccato:
736 1139 764 1185 et
782 1129 808 1185 si
825 1130 989 1204 poenitentia
1007 1131 1103 1205 gravis
1117 1131 1153 1187 ob
1173 1131 1262 1188 levem

174 1231 288 1307 eulpam
310 1230 435 1306 injuncta
452 1227 545 1296 fuerit,
569 1248 605 1286 v:
628 1248 656 1305 g.
698 1227 819 1286 Litanite
841 1238 1005 1286 sanctorum
1027 1230 1064 1286 ob
1085 1227 1262 1288 mendacium

171 1330 316 1406 jocosum,
336 1327 450 1385 nonnisi
470 1327 580 1385 veniale
600 1326 710 1385 videtur
729 1346 793 1385 eam
814 1327 962 1394 omittere;
983 1329 1134 1386 nonenim
1156 1328 1263 1387 videtur

175 1447 289 1501 aequum
309 1444 394 1504 grave
414 1444 488 1483 onus
508 1426 609 1484 leviori
630 1427 720 1502 culpae
741 1425 900 1484 adnectere.
943 1426 1120 1494 Caetemum,
1142 1429 1198 1486 “si
1218 1445 1263 1504 per

176 1526 305 1584 accidens
314 1525 701 1602 peccataillavenialiavalde
711 1516 1261 1601 disponerentpoenitentemladmortale,

176 1635 243 1682 ωηο
256 1636 355 1702 posset
368 1624 558 1684 confessarius
572 1644 686 1702 gravem
701 1625 728 1681 ei
742 1626 890 1701 imponere
903 1625 1111 1700 penitentiam,
1127 1636 1159 1683 ut
1172 1628 1261 1703 ipsum

175 1737 320 1782 removeat
332 1743 348 1781 a
358 1725 485 1800 periculo
499 1723 637 1803 peccandi
650 1725 823 1782 mortaliter:
845 1733 873 1781 et
886 1733 952 1781 tunc
962 1726 1105 1783 tenebitur
1117 1726 1263 1802 poenitens,

176 1823 201 1881 si
224 1824 293 1881 velit
312 1823 430 1892 absolvi,
456 1824 531 1882 illam
553 1834 698 1901 acceptare
717 1833 746 1881 et
765 1823 933 1899 adimplere.
975 1824 1117 1883 Praeterea
1137 1822 1258 1882 censeo”

178 1919 223 2002 (S.
240 1923 405 2001 alphonsus
418 1920 554 2002 loquitur)
571 1930 590 1958 ‘⁶
601 1921 677 1995 quod
692 1923 716 1979 si
730 1924 871 1999 poenitens
882 1940 934 1999 pro
948 1922 1114 1981 mortalibus
1128 1924 1263 1982 confessis

177 2023 351 2099 condignam
371 2040 428 2080 non
448 2024 536 2098 egerit
556 2021 762 2098 prendendam,
779 2030 844 2080 tunc
863 2022 889 2079 si
908 2023 1010 2079 iterum
1030 2021 1132 2082 eadem
1153 2032 1265 2099 peccata

177 2120 304 2178 clavibus
318 2121 461 2197 subjiciat,
475 2120 548 2178 bene
562 2121 665 2195 poterit
678 2119 868 2179 confessarius
883 2140 996 2198 gravem
1015 2121 1167 2200 injungere
1180 2123 1265 2199 poeni·

178 2221 306 2285 tentiam,
320 2227 349 2275 et
361 2220 513 2293 poenitens,
528 2220 553 2276 si
567 2229 705 2295 acceptet,
715 2228 826 2300 tenetur
839 2239 902 2279 earn
912 2214 1080 2296 implere.’'l
1122 2221 1265 2294 Equidem

178 2317 353 2375 confessario
378 2315 534 2374 curandum
560 2326 613 2385 est,
640 2326 671 2374 ut
696 2319 862 2394 poenitentia
887 2319 1061 2395 respondeat
1082 2321 1220 2380 crimini:
1239 2328 1265 2378 et

177 2416 340 2493 poenitentis
350 2416 474 2474 studium
486 2416 516 2473 in
526 2417 570 2474 sui
580 2417 727 2495 punitione
736 2419 842 2476 versari
856 2417 950 2485 debet,
960 2420 1008 2490 qui
1017 2426 1046 2474 et
1058 2418 1162 2478 humili
1176 2420 1266 2478 animo

177 2516 260 2574 debet
268 2515 400 2591 amplecti
411 2534 598 2589 quecumque
607 2517 660 2573 sibi
671 2517 845 2575 occurrerint
854 2516 981 2574 adversa.
1024 2516 1076 2575 Sic
1089 2517 1186 2577 David
1200 2519 1264 2577 olim

178 2615 300 2691 placavit
313 2614 419 2684 Deum,
433 2635 573 2674 aemmnas
587 2616 653 2674 forti
666 2626 695 2673 et
707 2616 823 2692 patienti
837 2617 931 2674 animo
946 2615 1051 2674 serens.

220 2718 287 2772 112.
309 2714 406 2773 Etiam
415 2725 541 2792 tempore
550 2715 674 2782 Jubilaei‚
684 2713 786 2773 etdum
799 2714 980 2792 indulgentiae
990 2717 1052 2774 aliae
1061 2716 1264 2783 conceduntur,

176 2814 340 2890 poenitentia
353 2815 382 2871 in
396 2814 576 2873 confessione
590 2813 764 2892 injungenda
777 2824 829 2882 est,
838 2816 891 2871 etsi
904 2815 1005 2884 levior,
1016 2824 1048 2873 ut
1061 2825 1266 2874 sacramentum

176 2931 308 2971 mancum
333 2931 391 2970 ηοη
405 2914 450 2981 sit,
465 2923 493 2970 et
505 2922 536 2970 ut
553 2914 614 2990 ipsa
634 2914 807 2989 poenitentiae
822 2914 920 2981 virtus,
936 2933 999 2987 quae
1019 2913 1055 2972 ad
1077 2914 1266 2993 indulgentias

176 3011 325 3069 lucrandas
339 3014 499 3070 necessaria
511 3021 564 3080 est,
577 3007 729 3070 foveatur.²

218 3114 285 3168 113.
308 3110 480 3170 Poenitentia
493 3109 681 3187 persolvenda
694 3119 736 3169 est
744 3121 897 3188 temporea
911 3114 1087 3173 confessario
1102 3113 1265 3192 designato:

176 3207 252 3280 quod
267 3210 292 3266 si
306 3209 414 3266 omissa
433 3210 517 3267 fuerit
529 3229 608 3277 casu,
624 3211 669 3268 vel
690 3210 783 3288 culpa,
798 3214 851 3270 erit
871 3212 1007 3289 deinceps
1027 3215 1201 3290 peragenda,
1215 3212 1268 3271 nisi

176 3306 261 3364 suerit
274 3307 330 3364 diei
345 3307 465 3383 alligata.
509 3307 681 3380 Plerumque
695 3311 810 3381 quidem
832 3311 888 3368 diei
905 3312 1064 3389 designatio
1078 3311 1114 3369 ad
1135 3311 1266 3390 praecepti

179 3405 365 3462 substantiam
380 3424 438 3463 non
459 3407 590 3482 pertinet,
605 3417 633 3464 et
646 3407 710 3466 ideo
725 3408 771 3468 die
792 3410 890 3486 elapso
904 3397 1159 3487 manet‘obligatio
1180 3411 1266 3487 poeni·

175 3503 269 3560 tentioe
283 3503 460 3580 peragendae.
502 3505 610 3565 Dilatio
620 3508 694 3565 ultra
708 3526 836 3567 mensem
848 3528 864 3566 a
877 3520 1004 3586 tempore
1020 3510 1163 3586 praefinito
1174 3511 1263 3588 gravis

174 3601 319 3678 plerisque
340 3603 466 3662 videtur:
489 3607 731 3674 communionem,
754 3627 816 3681 quae
838 3609 957 3685 singulis
971 3608 1119 3666 mensibus
1141 3611 1264 3686 injuncta

178 3713 222 3760 est
235 3703 373 3772 facienda,
387 3704 460 3762 ultra
480 3707 498 3762 6
512 3705 557 3763 vel
571 3709 599 3762 8.
615 3705 674 3764 dies
699 3705 813 3764 differre
833 3718 878 3765 est
890 3727 985 3784 grave.
1027 3707 1151 3775 Quando
1164 3706 1262 3766 modus

106 3821 110 3830 ·
172 3803 346 3879 poenitentiae
372 3805 568 3880 persolvendae
594 3824 611 3862 a
633 3805 806 3863 confessario
829 3806 963 3864 definitus
986 3815 1044 3864 est:
1066 3825 1099 3863 v:
1122 3826 1160 3884 g:
1182 3805 1262 3864 flexis

173 3904 304 3978 genibus,
319 3903 440 3962 brachiis
454 3905 600 3971 extensis;
621 3904 667 3961 vel
683 3904 764 3962 locus
778 3906 807 3962 in
822 3923 878 3977 quo
893 3904 1022 3964 facienda
1035 3906 1081 3972 sit,
1096 3915 1196 3982 peccat
1208 3921 1262 3983 poe·

172 4000 266 4061 nitens
278 4022 343 4061 eum
354 4002 543 4080 negligendo:
560 4001 609 4060 sed
620 4021 656 4062 ex
670 4002 810 4080 adjunctis
820 4004 862 4061 rei
874 4004 1088 4082 dijudicandum
1102 4017 1157 4075 est,
1171 4015 1261 4066 utrum

172 4099 274 4159 modus
287 4103 340 4160 sub
354 4103 432 4179 gravi
446 4102 560 4180 obliget.

206 4257 249 4322 (1)
268 4256 295 4306 S.
306 4257 381 4321 Alph.
392 4258 408 4308 1.
419 4258 451 4310 vi.
462 4274 488 4309 n
499 4262 558 4310 ⁶17.

212 4341 254 4406 (2)
273 4339 366 4391 Bened,
376 4341 447 4392 XIV.
457 4341 536 4408 Epist
543 4343 688 4408 Encyclicer
701 4343 923 4413 Interpraeteritua.
933 4345 1000 4397 Bul.
1011 4353 1028 4396 t
1039 4346 1074 4397 iii.
1084 4363 1110 4414 p.
1125 4351 1182 4409 170,
1188 4351 1211 4410 θ.
1220 4347 1256 4396 66.
