2640 4860
360 354 417 415 na
439 315 710 417 narramur
730 354 887 416 soant.
1156 364 1174 418 a
1212 384 1215 391 -

86 521 161 581 muni
174 538 321 581 revocare.
361 523 397 582 ln
409 523 592 583 matrimonio
605 540 762 584 consensus
776 524 892 583 alterius
912 525 982 601 poni
995 523 1089 593 debet,
1103 523 1177 587 dum
1226 569 1229 577 ,

85 621 195 693 alterius
210 640 369 681 consensus
383 627 546 698 perseverat
557 621 723 693 moraliter,
732 623 821 682 instar
828 633 1023 683 contractuum
1033 624 1174 685 omnium.

120 725 150 780 5.
165 721 333 781 Substantia
343 730 584 782 sacramentorum
598 723 708 800 integra
720 733 976 784 serveturneoessc
989 733 1042 793 est,
1053 741 1087 782 ea
1096 726 1175 784 enim

85 821 176 878 vitiata
188 829 218 879 et
231 821 350 891 sublata,
361 823 424 899 jam
436 840 494 880 non
507 823 560 880 erit
573 821 604 880 id
616 824 662 881 cui
686 840 723 880 ex
743 821 839 881 divina
852 825 1029 883 institutione
1042 825 1087 882 vis
1100 825 1175 883 salu·

85 919 146 976 taris
155 919 323 979 adnectitur.
364 921 560 994 eraecumque
574 923 661 998 igitur
672 923 791 981 mutatio
801 924 986 982 substantiam
996 923 1119 981 materiae
1130 923 1176 981 vel

85 1017 179 1077 sormae
194 1019 316 1096 attingit,
325 1018 416 1079 officit
428 1020 599 1080 confectioni
613 1024 793 1080 sacramenti.
835 1024 885 1081 Sic
898 1025 947 1096 qui
958 1023 1028 1081 olim
1039 1023 1177 1083 inAfrica

84 1135 186 1190 aquam
200 1119 293 1179 solam
312 1120 343 1205 in
363 1119 546 1179 Eucharistia
566 1120 764 1191 adhibuerunt,
788 1131 817 1179 et
837 1123 886 1196 qui
905 1123 1048 1180 recentius
1068 1123 1098 1180 in
1117 1122 1173 1180 hac

83 1218 210 1293 regione,
226 1219 418 1296 temperantiae
433 1218 537 1288 studio,
545 1221 591 1279 lac
604 1240 661 1298 prae
675 1221 742 1280 vino
755 1221 949 1282 adhibendum
959 1220 1175 1288 contenderunt,

83 1317 231 1377 materiam
245 1319 415 1377 sacramenti
436 1321 555 1379 omnino
577 1329 728 1379 mutarunt.
771 1323 894 1381 Mutatio
913 1339 977 1395 quae
991 1320 1176 1380 substantiam

83 1433 139 1475 non
155 1417 278 1495 attingit,
293 1415 488 1477 accidentalis
501 1419 607 1479 idcirco
622 1419 774 1490 dictanon
787 1422 880 1480 obstat
892 1422 982 1480 valori
994 1420 1174 1479 sacramenti.

70 1539 74 1547 ·
85 1514 116 1573 Si
129 1517 200 1574 vino
214 1517 356 1575 admixtus
370 1517 454 1576 suerit
465 1518 560 1592 liquor
573 1520 656 1587 alius,
670 1539 705 1578 ea
716 1520 824 1578 ratione
838 1539 902 1595 quae
915 1522 977 1598 ejus
990 1519 1176 1578 substantiam

83 1633 140 1674 non
153 1617 244 1686 vitiet,
259 1626 468 1676 sacramentum
483 1620 585 1677 confici
599 1628 709 1696 potest:
732 1638 816 1678 secus
832 1621 858 1678 si
871 1620 1005 1679 mistione
1018 1619 1177 1678 substantia

84 1715 141 1773 vini
153 1724 291 1783 mutetur,
304 1715 345 1774 uti
358 1718 500 1793 contingit
511 1718 536 1775 si
550 1736 654 1796 magna
667 1737 748 1791 aquae
762 1721 855 1795 copia,
869 1719 916 1777 vel
929 1738 1009 1792 aquae
1022 1719 1097 1786 vitae,
1108 1719 1177 1776 vino

84 1813 197 1873 modico
221 1813 420 1875 admisceatur.
470 1815 616 1874 Craterum
636 1817 678 1875 vis
699 1817 758 1875 vini
777 1817 934 1893 spectanda
957 1826 1010 1885 est,
1032 1817 1177 1890 quoddam

84 1914 158 1973 enim
167 1913 251 1973 facilc
266 1914 441 1974 admixtione
455 1915 569 1984 desinit,
580 1915 657 1974 aliud
670 1917 784 1993 copiam
797 1907 937 1994 majorem
948 1916 1068 1987 liquoris
1078 1917 1175 1982 alieni,

85 2014 242 2072 substantia
255 2033 307 2072 sua
320 2014 419 2085 illaesa,
433 2016 545 2093 recipit.
587 2017 710 2076 Mutatio
724 2017 846 2074 formam
869 2014 951 2082 tollit,
966 1995 1081 2087 quando
1095 2016 1180 2072 verba

84 2113 192 2190 prolata
200 2131 318 2173 sensum
331 2133 391 2172 non
402 2115 508 2173 habent
517 2115 638 2174 eundem
653 2135 685 2173 ao
699 2116 747 2174 illa
760 2115 864 2187 quibus
877 2114 969 2173 forma
981 2122 1102 2173 constat.
1124 2115 1175 2172 Sic

85 2213 133 2286 qui
147 2213 280 2272 consulto
294 2212 419 2272 diceret:
443 2213 522 2273 ‘Hic
534 2224 579 2273 est
591 2233 694 2291 corpus
707 2234 803 2273 meum
814 2213 832 2282 ;'
847 2213 921 2272 nihil
934 2213 1097 2283 conficeret,
1111 2215 1179 2287 quia

85 2331 188 2371 sensus
208 2311 339 2371 diversus
364 2315 482 2398 omnino
507 2323 553 2372 est
578 2334 594 2372 a
615 2313 723 2374 Christi
749 2315 859 2373 verbis:
889 2312 986 2372 “Hoc
1008 2324 1052 2371 est
1071 2332 1176 2390 corpus

85 2411 217 2471 meum.”
259 2413 381 2480 Quoties
394 2412 462 2472 verb
475 2432 577 2472 sensus
591 2415 813 2491 integermanet,
822 2414 974 2473 verborum
984 2415 1103 2473 mutatio
1112 2415 1178 2472 sub·

86 2512 216 2570 stantiam
230 2531 289 2570 non
303 2513 400 2571 afficit.
429 2513 479 2571 Sic
491 2514 541 2586 qui
551 2513 675 2572 diceret:
698 2516 781 2592 ‘Ego
794 2513 860 2573 lavo
873 2523 900 2571 te
914 2515 945 2571 in
958 2513 1075 2571 nomine
1084 2514 1177 2570 Patris

88 2611 314 2688 Omnipotentis,
329 2621 357 2669 et
370 2612 438 2671 Filii
451 2613 514 2689 ejus
527 2613 599 2670 Jesu
614 2611 734 2682 Christi,
748 2623 776 2671 et
789 2613 912 2689 Spiritus
931 2611 1029 2670 Sancti
1039 2610 1058 2678 ;’
1079 2629 1180 2668 revera

82 2709 258 2786 baptizaret:
280 2710 324 2768 vel
347 2712 397 2783 qui
422 2712 565 2770 omitteret
590 2713 839 2790 conjunctionem:
862 2710 946 2786 ‘Ego
965 2711 1082 2786 baptizo
1100 2720 1128 2767 te
1148 2711 1178 2766 in

87 2811 201 2869 nomine
213 2810 318 2878 Patris,
330 2809 408 2878 Filii,
419 2819 448 2868 et
457 2811 581 2888 Spiritus
592 2811 689 2870 Sancti
698 2813 717 2880 ;'
731 2811 920 2871 nihilominus
937 2809 1079 2868 conferret
1088 2828 1179 2867 sacra·

89 2918 227 2968 mentum.
271 2909 343 2976 Quae
356 2911 496 2988 contingit
507 2912 658 2970 verborum
672 2912 817 2988 corruptio
830 2911 899 2967 vitio
912 2909 1028 2984 linguae,
1042 2926 1100 2966 non
1113 2926 1179 2966 cen·

69 3018 161 3072 .setur
174 3009 340 3067 substantiae
353 3010 481 3079 mutatio,
496 3011 607 3084 quoties
621 3010 705 3067 verba
724 3028 762 3067 ex
776 3008 922 3067 communi
943 3006 1094 3065 hominum
1107 3007 1179 3063 aesti-

90 3109 212 3168 mationa
232 3107 335 3166 eadem
359 3116 435 3177 sunt,
450 3110 525 3177 licet,
547 3117 632 3186 prout
654 3117 766 3178 sonant,
787 3109 844 3165 sint
869 3104 999 3165 diversa:
1021 3106 1180 3179 “quamvis

90 3208 196 3276 enim‚’'
209 3210 254 3266 uti
265 3207 506 3281 animadvertitS.
518 3209 660 3276 Thomas,
675 3216 695 3244 ‘⁶
705 3204 871 3287 hujusmodi
880 3207 966 3264 verbs
973 3215 1105 3283 corrupte
1116 3223 1181 3281 pro·

91 3306 153 3375 lata,
168 3306 243 3365 nihil
263 3307 427 3384 significent
440 3326 478 3366 ex
491 3308 592 3366 virtute
612 3308 819 3383 impositionis:
843 3306 1018 3381 accipiuntur
1037 3314 1131 3363 tamen
1151 3313 1182 3362 ut

92 3407 281 3482 significantia
302 3425 340 3463 ex
361 3406 622 3465 accommodatione
645 3425 731 3463 usus:
754 3415 781 3463 et
800 3405 864 3463 ideo
877 3405 944 3462 licet
957 3414 1079 3462 mutetur
1092 3421 1181 3461 sonus

81 3494 244 3572 'sensibilia
258 3515 386 3563 remanet
398 3514 494 3563 tamen
502 3506 579 3563 idem
589 3500 741 3563 sensus.”¹
761 3506 811 3562 Sic
821 3504 933 3561 censuit
941 3504 1093 3561 Zacharias
1104 3502 1182 3561 Pon·

92 3603 160 3661 tifex
173 3603 209 3661 de
223 3603 370 3663 sacerdote
391 3604 565 3661 balbutiente
585 3611 614 3660 et
633 3604 742 3680 ignaro,
764 3605 813 3677 qni
832 3604 982 3662 consuevit
1000 3603 1039 3660 ita
1058 3601 1183 3678 proferre

93 3702 227 3779 baptismi
239 3702 379 3761 formam:
402 3711 422 3738 “
432 3702 555 3779 Baptizo
568 3710 595 3760 te
609 3702 639 3760 in
652 3702 768 3760 nomine
782 3703 888 3770 Patria,
899 3709 927 3758 et
940 3701 1024 3769 Filia,
1036 3710 1064 3758 et
1074 3699 1185 3775 Spiritu

94 3793 246 3860 Sancta.”²
287 3803 321 3861 Si
335 3801 444 3875 aliquid
457 3802 583 3878 ambigui
596 3820 699 3859 sensus
713 3800 907 3860 immisceatur
919 3800 1027 3866 formae,
1042 3814 1080 3854 ex
1092 3798 1183 3855 inten-

94 3901 168 3960 tione
181 3901 352 3978 proferentis
366 3910 394 3960 et
407 3920 444 3959 ex
457 3900 599 3980 adjunctis
620 3899 833 3979 dijudicandum
853 3907 906 3964 est,
921 3907 1015 3954 utrum
1028 3896 1185 3954 substantia

94 3999 203 4078 integra
220 4009 344 4060 maneat.
386 4001 437 4060 Sic
459 4003 485 4059 si
504 4019 542 4059 ex
561 4002 649 4061 animi
668 4000 821 4059 devotione
841 3996 991 4055 Christum
1011 3995 1184 4083 Magistrum

95 4097 265 4177 designaret,
279 4095 379 4161 torma
391 4101 487 4161 verbis
504 4103 634 4169 retentis,
648 4101 715 4161 'non
733 4105 854 4159 mutaret
872 4092 1078 4156 substantiam:
1100 4113 1184 4156 secus

130 4332 174 4399 (l)
193 4331 227 4384 itt
237 4347 263 4399 p.
273 4347 316 4399 qu.
327 4332 361 4384 ix.
372 4338 416 4384 ert
426 4332 467 4384 vii
480 4331 518 4383 ad.
532 4335 556 4382 3.
672 4332 714 4398 (2)
735 4329 796 4393 Cap.
807 4329 902 4380 lxxxvi.
913 4325 943 4380 de
954 4339 1057 4380 consecr.
1065 4322 1120 4374 dist
1130 4322 1157 4370 4.
1170 4407 1174 4413 “
