2640 4860
384 371 587 433 CANONES
608 372 916 437 POENITENTIAE.
1134 384 1195 441 8⁶5

142 537 201 605 Qui
227 557 384 616 pauperem
409 542 596 618 oppresserit,
623 543 743 619 ejusque
768 541 843 602 bona
868 542 1025 612 abstulerit,
1051 543 1152 605 reddet
1168 548 1196 606 ei

101 656 198 706 suum,
213 645 242 695 ct
254 639 396 715 poenitens
410 641 464 698 erit
475 640 537 701 dies
551 641 666 717 triginta
679 641 708 700 in
722 660 796 718 pane
810 650 839 701 et
852 661 933 716 aqua.

143 735 278 797 Clericus
291 737 397 798 furtum
411 740 531 817 capitale
544 740 663 808 iaciens,
687 742 828 816 septennii
841 742 1034 817 poenitentiam
1047 743 1193 820 explebit;

100 835 193 894 laicus
207 837 408 909 quinquennii,
423 848 452 897 et
465 837 542 912 quod
556 839 663 896 iuratus
677 849 730 907 est,
744 850 864 913 uterque
877 839 984 899 reddat.

142 935 202 1002 Qui
223 935 339 1013 fregerit
358 946 444 996 noctu
465 937 586 1025 alicujus
600 937 728 1007 domum,
748 949 782 997 ut
805 939 913 1010 aliquid
927 939 1056 1007 auferret,
1070 938 1205 1017 pretium

100 1033 210 1102 reddet,
225 1046 253 1093 et
266 1036 463 1112 poenitentiam
477 1047 543 1115 aget
561 1056 668 1096 annum
688 1038 717 1096 in
739 1056 813 1116 pane
826 1047 855 1096 et
868 1058 958 1112 aqna;
979 1039 1004 1096 si
1018 1057 1077 1098 non
1089 1039 1190 1109 reddit,

100 1151 191 1191 annos
206 1132 288 1193 duos.

140 1231 174 1289 Si
196 1234 261 1305 quis
283 1234 389 1293 furtum
411 1235 446 1292 dc
469 1253 500 1293 re
522 1234 625 1293 minori
646 1235 747 1304 scmcl,
768 1244 816 1293 ant
835 1235 880 1293 bis
894 1235 1000 1305 fecerit,
1015 1236 1143 1294 restituta
1151 1255 1192 1305 re,

102 1331 296 1406 poenitentiam
310 1343 375 1410 aget
387 1352 492 1392 annum
507 1353 607 1392 unum.

141 1430 200 1497 Qui
212 1449 274 1490 rem
287 1432 431 1491 inventam
441 1452 499 1492 non
513 1433 614 1502 reddit,
625 1432 731 1492 furtum
742 1435 909 1494 committit:
925 1434 1032 1494 idcirco
1045 1443 1191 1508 tamquam

101 1527 136 1587 de
149 1530 225 1588 furto
239 1531 434 1611 paenitentiam
449 1541 522 1610 aget.

139 1629 172 1686 Si
199 1632 264 1702 quis
284 1651 385 1690 usuras
412 1632 525 1708 accipit,
546 1633 676 1708 rapinam
696 1632 773 1701 facit,
796 1631 919 1706 ideoque
940 1634 1114 1706 quicumque
1127 1632 1189 1692 illas

100 1730 237 1806 exegerit,
252 1732 444 1809 paenitentiam
459 1739 523 1808 aget
535 1732 617 1789 annis
632 1731 729 1799 tribus,
743 1750 800 1791 uno
814 1733 843 1790 iu
858 1750 930 1809 pane
946 1742 975 1791 et
988 1750 1071 1805 aqua.

103 1941 239 2002 Oenones
253 1951 418 2023 spectantes
426 1952 552 2024 peccatu
565 1951 672 2005 contra
686 1951 827 2005 octauam
841 1943 990 2024 Decologi
997 1952 1191 2025 praeceptum.

139 2114 197 2181 Qui
211 2114 394 2174 affirmaverit
406 2135 505 2175 verum
518 2136 582 2176 esse
597 2116 673 2191 quod
687 2117 790 2176 falsum
805 2127 857 2187 est,
872 2119 1067 2197 poenitentiam
1081 2128 1147 2196 aget
1159 2128 1190 2180 ut

101 2211 226 2283 adulter;
241 2224 272 2273 ut
284 2215 437 2283 homicida,
453 2217 501 2288 qui
514 2226 616 2294 sponte
631 2216 660 2274 id
673 2217 783 2276 facinus
798 2217 951 2279 admiserit.

139 2313 196 2380 Qui
209 2313 282 2372 falso
296 2315 459 2374 testimonio
473 2316 659 2383 consenserit,
674 2318 816 2393 poenitens
830 2319 883 2377 erit
896 2336 986 2378 annos
1000 2319 1138 2392 quinque.

139 2413 197 2480 Qui
211 2413 343 2489 proximo
362 2414 465 2474 falsum
480 2417 589 2475 crimen
611 2415 725 2492 objecit,
746 2417 913 2492 poenitentia
926 2417 1046 2476 afficitur
1057 2427 1088 2477 ut
1101 2417 1189 2477 falsus

101 2512 190 2569 testis.

138 2611 196 2679 Qui
210 2612 344 2687 proximo
358 2621 506 2689 peccatum
528 2613 682 2691 imputarit,
703 2613 869 2689 priusquam
889 2631 955 2672 eum
978 2614 1110 2690 arguerit,
1134 2615 1190 2689 pri·

99 2729 178 2769 mum
192 2710 235 2768 illi
249 2712 425 2771 satisfaciens
438 2713 632 2788 poenitentiam
643 2720 707 2791 aget
721 2723 775 2769 tres
788 2712 860 2770 dics.

138 2809 171 2868 Si
192 2812 257 2883 quis
279 2820 376 2870 contra
388 2813 553 2891 proximum
566 2811 664 2889 lingua
683 2812 795 2869 laxivus
809 2812 870 2880 crit,
885 2809 1013 2870 triduana
1025 2810 1190 2886 poenitentia

99 2909 273 2986 expiabitur.

137 3008 170 3066 Si
198 3010 263 3083 quis
285 3011 511 3078 murmuraverit,
528 3008 639 3088 judicio
660 3008 814 3068 sacerdotis
834 3008 1030 3086 poenitentiam
1051 3016 1116 3083 aget
1137 3026 1190 3086 pro

98 3108 190 3185 culpae
203 3110 351 3186 gravitate.

137 3208 247 3280 Siquis
262 3209 424 3267 convicium
439 3206 620 3267 mimisestum
635 3208 713 3266 fratri
728 3207 861 3276 intulerit,
883 3207 1015 3266 diuturna
1028 3205 1188 3283 expiabitur

98 3307 264 3381 poenitentia
276 3326 329 3383 pro
344 3307 430 3366 modo
443 3307 562 3382 peccati.

137 3406 249 3481 Siquis
264 3407 346 3464 facile
361 3405 523 3474 detraxerit,
547 3405 708 3481 falsumque
731 3407 761 3465 in
779 3405 836 3465 hoc
852 3403 965 3474 dixerit,
980 3405 1122 3485 poenitens
1136 3404 1190 3462 erit

98 3503 159 3563 dies
172 3514 282 3582 septem
296 3507 413 3582 inpane
432 3513 550 3578 etaqua.

138 3604 195 3671 Qui
221 3604 373 3664 salsitatem
395 3603 559 3663 fraudemve
579 3604 609 3662 in
633 3602 806 3681 ponderibus
826 3615 854 3662 et
870 3604 1010 3663 mensuris
1031 3601 1187 3667 admiserit,

100 3706 241 3779 ptenitens
255 3705 309 3763 erit
322 3705 351 3762 in
365 3721 439 3782 pane
452 3712 482 3761 et
494 3721 569 3776 aqua
582 3703 643 3760 dies
657 3703 768 3780 viginti.

138 3802 294 3874 Falsarius,
309 3806 340 3863 in
353 3821 428 3881 pane
442 3810 470 3860 et
482 3821 555 3876 aqna
568 3802 762 3879 poenitentiam
774 3808 846 3877 agat,
862 3797 997 3873 quamdiu
1010 3798 1089 3855 vivit.

103 4014 236 4079 Oenones
257 4022 423 4096 spectantes
438 4023 562 4096 peccata
581 4021 686 4076 contro
704 4029 819 4074 nonum
832 4007 982 4088 Decalogi
995 4012 1188 4087 preceptum.

137 4184 213 4248 Rem
226 4187 348 4248 alienam
359 4187 467 4261 nefarie
480 4187 698 4267 concupiscens,
709 4199 877 4257 avarusque,
887 4179 1030 4261 penitens
1040 4178 1094 4238 erit
1105 4179 1187 4239 annis

103 4282 198 4346 tibus.
