2640 4860
181 375 238 433 1114
362 363 419 426 DE
439 361 769 424 JURISDICTIONE
791 361 1081 425 consessum.

178 536 289 612 quoties
303 550 353 591 eos
363 531 493 609 deputari
505 525 680 607 contigerit¹
713 529 809 588 Dandi
820 541 887 588 sunt
899 541 993 589 autem
1000 531 1044 589 bis
1052 540 1131 589 terre
1139 530 1169 589 in
1179 547 1248 597 auno,

180 634 323 712 apraelato
332 631 454 709 regulari
468 648 506 688 ex
520 629 685 707 approbatis
695 629 887 707 abepiscopo,
897 629 944 688 vel
956 630 992 688 ab
1004 631 1146 708 episcopo
1156 630 1251 706 ipso‚si

179 734 228 794 ille
243 732 412 809 neglexerit,
426 731 476 803 qui
489 729 575 787 etiam
595 727 660 786 dare
674 737 769 804 potest
787 727 993 787 confessarium
1013 729 1252 788 extraordinarium

178 830 297 894 moniali
316 829 345 889 in
358 831 457 889 mortis
471 827 608 905 periculo,
623 828 649 884 si
662 827 792 903 prelatus
806 827 942 903 regularis
955 837 1078 887 recuset.
1116 828 1166 887 Ex
1180 829 1252 887 altero

179 932 290 999 ordine,
305 930 352 989 vel
374 948 411 987 ex
434 929 510 987 cleto
532 926 670 993 seculari,
690 927 882 985 confessarius
902 925 1142 985 extraordinarius
1168 928 1255 986 saltem

180 1031 270 1091 semel
283 1031 312 1090 in
326 1046 400 1088 anno
413 1025 575 1105 seligendus
589 1035 643 1084 est.
665 1025 843 1085 Monialibus
856 1025 932 1084 haud
945 1026 1088 1103 exemptis
1101 1026 1255 1086 confessarii

180 1129 395 1191 extraordinarii
407 1129 453 1186 bis
466 1136 542 1184 terve
556 1126 585 1183 in
599 1142 674 1182 anno
688 1124 722 1183 ab
736 1126 874 1202 episcopo
886 1124 974 1183 dandi
986 1119 1080 1183 sunt.¹

222 1233 290 1289 139.
312 1227 490 1287 confessarii
503 1224 672 1282 monialium
686 1235 881 1300 exemptarum
895 1232 1101 1300 presentantur
1113 1243 1130 1283 a
1147 1220 1259 1305 propriis

181 1329 314 1409 praelatis,
333 1336 362 1385 et
383 1326 574 1402 approbantur
588 1324 622 1380 ab
636 1323 800 1400 episcopis:
816 1324 909 1381 coeteri
924 1323 958 1381 ab
971 1323 1044 1401 ipsis
1057 1322 1260 1401 episcopbdl·

181 1438 295 1508 guntur.
330 1427 413 1485 Ultra
432 1424 584 1482 triennium
598 1423 665 1499 eligi
679 1432 824 1495 nequeunt
836 1423 943 1495 absque
963 1421 1080 1481 licentia
1093 1422 1127 1480 Ι.
1143 1420 1262 1503 Gangre·

182 1528 321 1607 gationis:
343 1523 395 1583 sed
415 1521 490 1600 apud
503 1541 557 1581 nos
577 1521 753 1580 consuetudo
775 1522 883 1582 obtinet
895 1522 1095 1597 utepiscopus
1114 1541 1180 1591 eos,
1194 1520 1263 1582 nullo

183 1627 320 1704 temporis
331 1624 421 1683 limite
436 1623 577 1699 apposito,
592 1619 731 1697 designet.
754 1621 802 1681 Ex
810 1621 889 1697 justa
900 1639 986 1679 causa
995 1630 1120 1697 possunt
1132 1621 1262 1681 moniales

183 1744 313 1786 recusare
335 1723 541 1782 confessarium
565 1721 755 1797 abepiscopo
780 1720 977 1798 designatum:
1001 1738 1059 1793 qua
1082 1721 1114 1778 in
1132 1739 1166 1779 re
1187 1737 1264 1794 qunut

183 1834 281 1904 agatur
293 1822 328 1881 de
341 1823 498 1881 animarum
512 1822 613 1887 salute,
628 1839 686 1878 non
699 1820 785 1879 nimis
799 1819 945 1879 difficilem
959 1838 991 1878 ee
1005 1819 1090 1877 debet
1102 1819 1260 1896 episcopus,

184 1925 321 2002 prebere.
363 1922 470 1981 Vioarii
491 1918 658 1986 deneratas,
672 1920 800 1996 parochi,
811 1921 836 1977 si
857 1938 925 1976 cura
941 1917 1105 1978 notabiliter
1124 1918 1265 1978 lederetur

185 2034 214 2082 et
226 2041 327 2084 omnes
351 2020 510 2097 Regulares
530 2018 716 2097 prohibentur
735 2020 803 2097 eligi
822 2019 851 2076 in
871 2018 1062 2077 confessarios
1086 2018 1265 2077 monialium:

186 2122 237 2181 sed
257 2119 436 2179 sacerdotum
455 2118 604 2178 deficiente
630 2116 706 2193 apud
733 2137 786 2177 nos
811 2119 905 2195 copia,
919 2119 1076 2194 episcopus
1097 2133 1266 2191 quemquam

187 2221 324 2280 idoneum
337 2235 390 2295 pro
403 2235 457 2275 suo
470 2217 586 2275 arbitrio
598 2213 738 2292 designat.

227 2320 296 2375 140.
318 2312 549 2373 Confessionalia
573 2315 739 2373 monialium
754 2317 785 2374 in
797 2316 934 2384 sacristia,
948 2316 994 2374 vel
1007 2315 1072 2375 aliis
1093 2316 1124 2375 in
1137 2316 1211 2375 locis
1228 2333 1268 2374 oo·

187 2416 270 2476 cultis
289 2432 348 2473 non
362 2421 428 2472 sunt
446 2412 590 2490 erigenda,
604 2412 656 2471 sed
675 2414 706 2472 in
725 2414 875 2474 ecclesiis:
899 2415 1049 2488 solentque
1069 2415 1111 2473 ita
1130 2415 1230 2485 locari,
1241 2424 1269 2472 ut

189 2514 322 2576 sacerdos
348 2515 378 2574 iu
400 2512 522 2571 ecclesia
542 2513 588 2581 sit,
603 2513 721 2572 moniali
740 2513 812 2572 intra
836 2514 1049 2581 monasterium,
1063 2513 1145 2587 quod
1169 2515 1268 2592 pariete

189 2628 296 2675 tantum
313 2623 466 2691 separatur,
481 2614 584 2690 posita.
617 2615 758 2689 Asperius
778 2621 892 2671 mutuus
913 2612 1081 2671 confessarii
1102 2624 1131 2672 et
1145 2612 1270 2673 monialis

189 2719 219 2775 in
232 2725 309 2775 tanto
322 2732 439 2772 munere
459 2711 591 2773 obeundo
610 2712 740 2770 vitandus
754 2721 806 2771 est.
841 2712 914 2770 Haec
933 2713 1069 2788 pleraque
1092 2731 1132 2772 ex
1155 2712 1269 2772 decretis

190 2816 223 2874 S.
238 2813 334 2892 cong.
350 2812 425 2889 apud
438 2813 470 2870 S.
485 2812 677 2888 Alphonsum.

231 2919 299 2973 141.
321 2912 540 2970 conservatoria
560 2911 728 2988 puellarum,
742 2929 779 2968 ex
800 2910 949 2969 Benedicti
962 2910 1047 2969 XIV.
1062 2913 1271 2975 constitutione,

189 3022 273 3091 egent
292 3012 465 3071 confessario
478 3012 513 3069 ab
527 3012 665 3088 episcopo
685 3009 845 3086 specialiter
866 3009 1032 3086 approbato,
1046 3011 1097 3083 qui
1117 3020 1185 3088 post
1197 3012 1273 3068 trien·

190 3116 271 3172 nium
283 3111 366 3170 debet
379 3112 491 3170 muneri
504 3112 676 3169 renuntiare.
704 3109 791 3186 Apud
803 3128 856 3168 nos
865 3110 1023 3186 puellarum
1033 3109 1275 3188 orphanotrophia

191 3232 249 3272 non
261 3209 392 3269 videntur
404 3210 457 3266 hac
470 3209 535 3286 lege
549 3208 691 3267 adstricta.

234 3314 300 3368 142.
322 3308 440 3365 Sorores
454 3308 596 3365 charitatis
610 3308 747 3367 moniales
761 3325 817 3365 non
832 3317 907 3375 sunt,
922 3307 1043 3380 ideoque
1057 3326 1106 3365 eas
1128 3327 1186 3368 nou
1200 3324 1273 3384 spec·

192 3418 251 3467 tant
262 3406 513 3465 constitutioneset
525 3405 635 3464 decreta
648 3425 710 3480 quae
724 3407 928 3465 recensuimus.
952 3405 1159 3467 confessarius
1172 3424 1273 3470 earum,

188 3510 273 3585 juxta
286 3504 486 3572 institutum,a
505 3505 650 3580 superiore
663 3506 829 3582 designatur
842 3524 879 3563 ex
901 3506 1064 3583 approbatis
1087 3506 1122 3564 ab
1141 3508 1273 3584 episcopo

193 3605 228 3664 ad
248 3602 401 3664 audiendas
427 3603 643 3662 confessiones:
665 3603 717 3662 sed
742 3604 874 3681 specialis
895 3605 1062 3682 approbatio
1086 3605 1123 3663 ad
1143 3605 1273 3683 jurisdic-

193 3708 299 3766 tionem
313 3705 343 3763 in
356 3721 404 3760 eas
418 3702 594 3762 tribuendam
607 3705 714 3778 requiri
728 3723 785 3762 non
800 3703 920 3762 videtur.
963 3702 1110 3764 Ceterum
1127 3706 1274 3782 episcopus

193 3808 296 3884 poterit
314 3804 477 3863 facultatem
496 3821 544 3861 eas
558 3803 691 3863 audiendi
713 3804 845 3879 excipere
865 3821 902 3861 ex
915 3802 1105 3872 facultatibus.
1120 3822 1192 3878 quas
1213 3803 1275 3862 mis·

193 3906 325 3966 sionariis
338 3902 481 3982 plerisque
495 3902 644 3961 concedit:
660 3902 736 3977 quod
750 3903 896 3969 miscent,
910 3902 1022 3961 videtur
1031 3901 1127 3962 valere
1140 3902 1274 3963 absolutio

192 4007 228 4064 iis
242 4022 379 4065 concessa
391 4022 407 4059 a
420 4001 564 4079 sacerdote
577 4001 653 4061 haud
666 4002 827 4078 specialiter
840 4001 994 4078 approbato
1006 4000 1044 4063 ad
1056 4020 1156 4064 earum
1168 4000 1274 4063 conses-

191 4105 287 4162 siones
301 4101 464 4160 audiendas.

261 4275 303 4337 (1)
322 4272 386 4321 Vide
398 4271 502 4320 Constit.
514 4272 570 4329 vn.
580 4273 659 4324 clem.
670 4273 703 4325 X.
715 4279 739 4322 et
750 4272 848 4325 Bullam
861 4271 1024 4325 Imeatabtli
1034 4272 1146 4339 Gregorii
1155 4271 1205 4323 XV
1204 4303 1212 4320 .

262 4358 304 4423 (2)
323 4355 415 4406 Bened.
423 4356 494 4404 XIV.
505 4357 579 4409 Bulla
591 4358 737 4419 Pnetorclin
748 4360 812 4410 edita
823 4362 839 4408 5
850 4359 916 4421 Aug.
932 4360 1004 4409 1748.
