2640 4860
164 386 225 443 aaa
458 375 516 437 on
538 373 963 451 orsransauromaus.

169 549 205 609 ln
218 546 432 623 dispensatione
453 543 605 617 aliquando
625 545 750 602 occurrit
769 543 915 602 clausula:
938 540 1129 602 “dummodo
1142 541 1264 620 impedi·

166 655 294 706 mentum
308 645 453 704 occultum
466 643 542 711 sit;”
565 642 642 717 quod
656 662 714 702 non
727 645 819 721 exigit
830 652 861 702 ut
873 644 993 702 omnino
1006 643 1102 710 lateat,
1119 640 1171 699 sed
1184 652 1218 700 ut
1230 641 1265 700 ad

168 747 261 806 forum
288 755 440 803 externum
464 760 524 803 nou
549 744 587 801 sit
610 743 810 801 verosimiliter
835 742 1045 801 deducendum.
1089 741 1125 798 δί
1151 741 1263 819 duplex

166 847 204 904 sit
216 843 456 920 consanguinitas,
480 841 525 899 vel
545 843 570 899 si
592 842 730 919 gradrmm
750 823 924 914 inaequalitas
947 843 1053 901 oriatur
1074 859 1114 898 ex
1134 841 1263 914 eoquod

166 944 274 1002 femina
300 944 337 1000 sit
355 942 543 1020 propinquior
568 941 667 1017 stipiti,
689 950 721 998 ut
744 941 770 998 si
796 941 834 999 sit
859 941 953 1009 amita,
979 939 1187 1016 exponendum
1207 948 1261 997 est.

166 1043 239 1103 Item
254 1043 279 1099 si
293 1042 395 1118 copula
414 1040 510 1098 habita
531 1040 568 1097 sit
589 1039 625 1098 ad
645 1040 756 1098 facilius
778 1038 984 1117 impetrandam
1004 1039 1261 1114 dispensationem,

168 1160 272 1220 pranis
286 1141 332 1198 ille
354 1140 419 1197 finis
440 1137 625 1197 declarandus
648 1151 700 1206 est,
722 1137 958 1212 quandocumque
982 1139 1018 1197 ob
1039 1138 1175 1214 copulam
1197 1139 1260 1215 jam

167 1241 291 1300 habitam
304 1239 479 1315 dispensatio
500 1232 657 1310 quaritur.¹
698 1238 816 1311 Siquis
839 1247 905 1315 post
924 1237 1169 1313 dispensationem
1191 1237 1262 1294 rela-

55 1400 60 1409 ,
166 1340 256 1406 batur,
277 1348 305 1395 et
323 1336 449 1413 indigeat
469 1337 522 1395 alia
542 1336 765 1412 dispensatione,
786 1338 864 1413 prior
886 1337 916 1395 in
935 1337 1074 1413 petitione
1088 1332 1261 1412 exponenda

166 1439 251 1497 etiam
264 1430 334 1496 est²
373 1437 406 1494 Si
420 1437 484 1510 quis
497 1435 568 1494 duas
582 1453 695 1495 sorores
709 1455 823 1513 sponsae
843 1437 1018 1513 cognoverit,
1034 1435 1064 1494 id
1076 1436 1107 1495 in
1120 1437 1258 1512 petitione

167 1535 368 1595 declarandum
381 1530 451 1594 est.³
854 1533 865 1541 “

205 1640 276 1695 217.
298 1634 332 1693 Si
351 1653 437 1693 eausa
457 1635 680 1710 dispensationis
700 1630 793 1693 cesset
814 1643 964 1708 antequam
983 1635 1151 1693 executioni
1177 1634 1259 1692 fuerit

166 1734 337 1793 demandata
355 1735 390 1792 ab
409 1753 445 1793 eo
465 1734 510 1793 cui
533 1733 661 1811 delegata
681 1743 725 1792 eat
744 1733 929 1809 dispensandi
950 1733 1079 1802 facultas,
1094 1742 1190 1792 cessat
1202 1733 1256 1792 dis·

165 1836 314 1910 pensatio:
335 1852 389 1892 nec
402 1835 479 1891 enim
493 1832 639 1910 delegatur
651 1834 769 1892 facultas
789 1833 846 1891 nisi
868 1851 903 1890 ea
921 1832 1096 1902 conditione,
1120 1843 1153 1893 ut
1164 1851 1209 1890 res
1221 1833 1258 1890 ita

166 1951 198 1991 se
213 1933 345 2001 babeant,
369 1932 438 1991 dum
458 1933 635 2008 dispensatio
649 1932 741 1991 datur.
783 1931 816 1990 Si
830 1941 923 1989 cesset
936 1941 1003 2008 post
1015 1932 1258 2008 dispensationem

165 2031 270 2101 datam
284 2034 352 2091 licet
365 2042 429 2091 ante
443 2032 664 2100 matrimonium,
685 2032 727 2090 nil
746 2032 847 2099 obstat,
862 2031 928 2104 quia
939 2031 988 2088 lex
1003 2033 1067 2110 jam
1080 2039 1127 2089 est
1140 2031 1254 2089 sublata.

206 2136 276 2189 218.
298 2132 332 2189 Si
352 2131 489 2189 dubitatio
509 2132 614 2188 oriatur
635 2129 671 2187 de
697 2149 782 2188 causa
802 2129 1031 2205 dispensationis,
1052 2141 1149 2189 utrum
1175 2129 1257 2187 fuerit

166 2247 242 2297 vera,
257 2249 293 2288 an
307 2230 388 2297 falsa,
401 2229 556 2305 impulsiva
569 2247 605 2285 an
619 2228 724 2296 finalis,
738 2229 907 2305 plerumque
921 2229 1099 2305 dispensatio
1113 2227 1256 2288 censenda

165 2340 209 2385 est
222 2328 324 2395 valida,
339 2328 406 2399 quia
419 2329 449 2385 in
463 2327 549 2384 dubio
562 2326 693 2385 standum
708 2338 753 2384 est
764 2346 817 2403 pro
831 2328 928 2385 valore
942 2338 1030 2387 actus.

204 2430 275 2484 219.
309 2427 342 2484 Si
367 2435 433 2502 post
457 2425 550 2484 datam
581 2424 823 2505 dispensationem
850 2427 887 2484 ab
913 2427 1119 2505 impedimento
1146 2426 1255 2485 occulto

165 2524 317 2594 affinitatis,
332 2526 433 2584 iterum
455 2533 553 2601 peccet
572 2536 666 2583 orator
690 2544 755 2582 oum
775 2525 875 2585 eadem
900 2528 1111 2604 consanguinea
1133 2543 1253 2602 sponsae,

164 2635 227 2684 ante
241 2626 462 2692 matrimonium,
476 2642 535 2682 non
549 2624 657 2682 videtur
667 2624 794 2701 indigere
805 2644 879 2682 nova
891 2623 1117 2701 dispensatione,
1133 2625 1199 2700 quia
1212 2633 1258 2682 cst

167 2725 266 2784 eadem
281 2725 411 2782 affinitas.
838 2734 840 2738 ’

203 2829 274 2882 220.
299 2825 332 2882 Si
358 2834 423 2900 post
448 2823 687 2899 dispensationem
714 2826 859 2884 obtentam
886 2845 973 2902 super
998 2827 1086 2903 gradu
1114 2823 1253 2902 prohibito

163 2924 264 3000 sponsi
279 2924 334 3000 ipsi
355 2931 464 2990 coeant,
491 2941 566 2980 nova
582 2924 666 3000 juxta
685 2925 793 3000 stylum
814 2926 899 2983 curiae
922 2925 1046 3002 exigitur
1068 2923 1250 3003 dispensatio.

164 3021 207 3081 lta
220 3023 372 3081 declaravit
386 3024 418 3079 S.
435 3020 472 3078 C.
487 3041 587 3079 mense
601 3025 675 3100 Maji
691 3027 778 3082 1635.

200 3125 271 3179 221.
293 3121 371 3180 Dum
386 3123 421 3180 ab
439 3122 578 3197 episcopo
599 3124 733 3194 quaeritur
753 3122 927 3199 dispensatio
940 3143 1028 3200 super
1048 3123 1248 3201 impedimento

162 3221 288 3296 publico,
300 3222 441 3279 occultum
455 3239 513 3280 non
529 3231 573 3279 est
585 3221 771 3290 reticendum,
787 3222 864 3294 quod
877 3223 986 3280 scilicet
996 3242 1032 3281 ex
1047 3225 1152 3300 copula
1161 3221 1250 3280 illicita

162 3320 306 3397 provenit,
320 3320 375 3377 nisi
389 3320 499 3395 placeat
512 3319 581 3378 illud
601 3323 746 3379 secretiori
758 3322 804 3378 via
823 3339 977 3398 exponere.
1020 3323 1054 3379 Si
1067 3323 1132 3380 data
1145 3323 1182 3378 sit
1200 3319 1248 3377 dis·

164 3417 294 3491 pensatio
305 3417 484 3475 consobrinis
499 3438 534 3475 v:
557 3438 606 3494 gr:
630 3430 658 3477 et
670 3421 728 3496 ipsi
748 3419 884 3498 deinceps
907 3430 1059 3493 antequam
1083 3418 1249 3497 dispensatio

161 3514 325 3577 executioni
346 3513 514 3572 demandata
534 3517 617 3573 fuerit
630 3530 739 3586 coeant,
754 3521 808 3577 erit
827 3520 913 3577 altera
932 3519 1111 3596 dispensatio
1126 3518 1247 3596 petenda·

164 3615 197 3673 si
212 3623 277 3692 post
290 3614 534 3693 dispensationem
557 3617 719 3675 executioni
740 3618 940 3676 demandatam
961 3629 1072 3687 coeant,
1086 3619 1171 3687 valet,
1191 3618 1247 3675 licet

161 3715 317 3774 clausulam
327 3714 507 3783 continuerit,
524 3716 638 3773 “modo
652 3718 754 3793 copula
767 3737 824 3776 non
835 3718 994 3776 interfuerit
1003 3719 1035 3786 ;'’
1050 3738 1116 3777 nam
1127 3717 1246 3776 utvaleat

160 3813 268 3872 sufficit
280 3834 342 3873 eam
356 3834 413 3873 non
428 3817 615 3876 intervenisse
630 3826 780 3890 antequam
801 3817 978 3896 dispensatio
993 3819 1158 3879 executioni
1171 3811 1245 3875 fuerit

160 3911 337 3972 demandata.
864 3931 866 3934 ‘

198 4016 268 4070 222.
291 4013 323 4070 Si
337 4013 532 4070 contrahentes
546 4013 603 4070 sint
616 4012 735 4073 duarum
747 4015 907 4075 dioecesum
921 4025 1040 4090 uterque
1053 4015 1159 4093 praesul
1171 4013 1242 4070 debet

294 4186 336 4251 (l)
356 4184 449 4233 Bened.
461 4184 530 4237 XIV,
546 4184 632 4234 Pastor
642 4187 728 4246 bonus,
742 4191 765 4248 §.
777 4188 818 4237 42.

295 4269 337 4330 (2)
357 4267 384 4316 S.
397 4267 472 4332 Alph.
485 4269 501 4318 1.
514 4268 543 4316 vi.
555 4283 580 4316 n.
594 4270 667 4319 1137.

293 4351 335 4414 (3)
355 4349 447 4402 Bened.
458 4351 528 4401 XIV.
540 4351 611 4402 Brev.
623 4352 678 4404 Etsi
689 4354 873 4404 matrimonialis
885 4357 918 4404 30
930 4355 997 4419 Sept.
1013 4358 1086 4405 175⁵.
