2640 4860
262 371 320 431 DE
342 319 638 431 SUSCEPTIONE
660 359 986 431 noceremus*
1123 377 1160 432 83

511 855 652 917 CAPUT
673 857 727 915 IV.

368 1071 407 1112 DE
428 1071 628 1113 SUSCEPTIONE
649 1072 870 1114 uuonantsmr.

181 1233 208 1306 §.
228 1235 255 1288 l.
302 1228 350 1288 Da
371 1249 575 1290 oerroarroun
595 1250 783 1292 suscrrmuur
802 1232 1044 1293 Eucnaarsrraur.

103 1384 152 1438 40.
175 1379 360 1455 Praeceptum
374 1379 502 1439 divinum
513 1391 590 1439 extat
602 1382 813 1441 Eucharistiam
823 1382 965 1452 sumendi,
979 1403 1046 1442 nam
1060 1382 1160 1443 Chris·

64 1490 112 1537 tus
126 1478 217 1537 dicit:
241 1485 261 1513 ·‘
273 1476 341 1536 Nisi
360 1479 598 1538 manducaveritis
618 1500 733 1539 carnem
753 1481 822 1540 Filii
842 1481 979 1551 hominis,
993 1494 1022 1541 et
1035 1483 1161 1542 biberitis

65 1580 135 1656 eju's
155 1578 339 1655 sanguinem,
354 1579 565 1637 nonhabebitis
586 1580 673 1638 vitam
693 1581 722 1637 iu
742 1582 824 1638 vobis
837 1573 881 1636 :''¹
903 1583 1063 1653 queverba
1075 1582 1110 1640 de
1124 1584 1160 1640 iis

64 1678 117 1751 qui
128 1686 236 1735 norunt
243 1677 450 1737 institutionem
464 1677 600 1744 divinam,
612 1688 640 1735 et
649 1678 742 1736 valent
752 1677 787 1735 ad
797 1690 1003 1739 sacramentum
1014 1679 1158 1748 accedere,

64 1775 166 1834 saltem
177 1772 364 1852 intelligenda
381 1785 457 1834 suut.
499 1776 644 1851 Equidem
665 1776 697 1833 S.
719 1773 924 1852 Augustinus,2
942 1789 1008 1855 post
1019 1779 1160 1838 Innocen-

66 1877 138 1933 tium
148 1868 203 1942 1.‚³
213 1883 319 1933 tantam
331 1873 389 1934 vim
398 1876 433 1933 iis
443 1876 538 1933 inesse
548 1876 674 1953 agnovit,
685 1884 716 1932 ut
728 1874 880 1946 nequidem
895 1877 1027 1950 parvulos
1041 1878 1161 1935 salutem

64 1974 188 2045 assequi
215 1972 330 2039 diceret,
357 1974 413 2032 nisi
439 1972 557 2032 Christo
586 1975 837 2050 conjungerentur,
860 1973 936 2047 quod
962 1975 991 2032 in
1018 1974 1159 2050 baptismo

63 2072 236 2150 contingere
263 2074 389 2147 agnovit,
416 2074 526 2145 inquo
551 2082 648 2130 votum
676 2071 818 2145 quoddam
853 2072 1044 2130 Eucharistiae
1069 2074 1160 2131 susci·

63 2169 179 2248 pieudee
200 2171 383 2229 continetur:
412 2189 474 2245 quae
496 2171 566 2230 ratio
587 2171 640 2229 fuit
659 2171 761 2228 veteris
783 2170 953 2246 discipline,
970 2173 1054 2248 juxta
1074 2190 1160 2245 quam

65 2270 185 2328 dabatur
208 2267 372 2327 infantibus.
422 2269 454 2326 S.
479 2269 609 2327 Thomas
631 2279 708 2327 tenet
727 2278 827 2328 votum
849 2270 1015 2347 hujusmodi
1041 2273 1159 2330 omniuo
1199 2253 1202 2259 ,

64 2368 178 2440 requiri
198 2366 234 2425 ad
254 2368 390 2426 salutem:
420 2367 507 2425 “Res
528 2369 646 2445 alicujus
666 2370 835 2426 sacramenti
856 2370 955 2428 haberi
975 2378 1070 2446 potest
1094 2379 1159 2429 ante

62 2467 287 2544 perceptionem
313 2467 491 2534 sacramenti,
518 2483 556 2524 ex
580 2469 646 2543 ipso
671 2474 737 2525 voto
770 2470 938 2525 sacramenti
970 2468 1159 2544 percipiendi.

64 2564 155 2624 Unde
185 2573 250 2623 ante
276 2565 487 2641 perceptionem
507 2565 593 2642 hujus
620 2564 798 2631 sacramenti,
820 2573 915 2640 potest
938 2565 1028 2623 homo
1053 2566 1159 2624 babere

63 2663 186 2722 salutem
200 2681 238 2721 ex
250 2671 317 2720 voto
331 2662 509 2740 percipiendi
522 2663 579 2721 hoc
598 2670 827 2722 sacramentum:
849 2664 923 2720 sicut
935 2670 964 2719 et
977 2671 1041 2720 ante
1054 2664 1160 2738 baptis·

63 2780 146 2821 mum
166 2780 205 2820 ex
225 2770 292 2820 voto
312 2762 457 2838 baptismi.
500 2762 556 2820 Est
575 2770 669 2819 tamen
695 2760 855 2819 differentia
875 2768 1012 2834 quantum
1033 2759 1068 2818 ad
1089 2760 1156 2820 duo.

64 2859 168 2920 Primo
188 2859 317 2933 quidem,
339 2861 406 2932 quia
431 2861 590 2937 baptismus
611 2869 655 2918 est
675 2860 847 2936 principium
867 2860 1110 2936 spiritualissime,
1132 2869 1161 2918 ct

62 2963 153 3038 janua
177 2967 436 3017 sacramentorum:
471 2959 652 3018 Eucharistia
677 2956 744 3015 verb
771 2967 814 3014 est
840 2959 922 3030 quasi
949 2959 1159 3017 consummatio

69 3059 230 3137 spiritualis
242 3057 315 3126 vitae,
327 3066 356 3115 et
362 3057 490 3116 omniurn
500 3065 741 3116 sacramentorum
749 3056 825 3113 finis.
859 3057 918 3115 Per
927 3056 1162 3116 sanctificationes

69 3158 147 3216 enim
168 3156 300 3216 omnium
319 3165 560 3215 sacramentomm
579 3157 611 3213 fit
630 3155 796 3233 preparatio
816 3154 851 3212 ad
871 3155 1094 3232 suscipiendam,
1115 3156 1162 3214 vel

71 3255 296 3315 consecrandam
322 3255 543 3313 Eucharistiam.
585 3255 627 3312 Et
648 3254 713 3313 ideo
733 3255 880 3331 perceptio
903 3255 1035 3332 baptismi
1056 3266 1161 3315 estne·

68 3356 193 3414 cessaria
206 3353 241 3410 ad
262 3353 450 3412 inchoandam
470 3354 647 3431 spiritualem
660 3354 757 3422 vitam,
773 3356 918 3430 perceptio
939 3365 1032 3413 autem
1047 3355 1161 3414 Eucha-

68 3455 153 3512 ristiae
173 3461 220 3510 est
238 3452 400 3510 necessaria
419 3452 455 3511 ad
474 3452 727 3511 consummandam
747 3454 859 3529 ipsam:
881 3472 938 3512 non
957 3454 993 3511 ad
1012 3455 1068 3513 hoc
1083 3453 1159 3528 quod

72 3553 248 3630 simpliciter
267 3552 411 3620 habeatur,
423 3550 477 3609 sed
496 3551 602 3610 sufficit
618 3569 681 3609 eam
702 3550 804 3609 habere
824 3554 853 3609 in
873 3562 949 3620 voto,
963 3554 1037 3612 sicut
1050 3563 1078 3611 et
1096 3554 1161 3611 finis

71 3652 188 3709 habetur
207 3651 238 3709 in
258 3648 399 3709 desiderio
419 3659 448 3708 et
465 3649 634 3709 intentione.
676 3650 741 3708 Alia
761 3649 922 3709 differentia
948 3661 1001 3718 est,
1023 3652 1091 3723 quia
1110 3668 1161 3726 per

71 3750 243 3826 baptismum
263 3748 406 3807 ordinatur
418 3748 508 3808 homo
527 3747 562 3806 ad
582 3747 810 3807 Eucharistiam:
833 3757 861 3805 et
879 3749 944 3806 ideo
958 3767 994 3805 ex
1015 3748 1070 3806 hoc
1084 3748 1158 3821 ipso,

20 3868 23 3873 ’
74 3847 149 3920 quod
162 3848 245 3925 pueri
258 3848 447 3924 baptizantur,
461 3847 627 3906 ordinantur
640 3865 690 3923 per
703 3847 866 3906 Ecclesiam
881 3845 915 3902 ad
935 3844 1160 3902 Eucharistiam:

74 3948 165 4005 etsie
185 3947 262 4004 sieut
279 3965 317 4004 ex
336 3945 393 4004 fids
412 3946 553 4005 Ecclesiae
574 3944 702 4013 credunt,
723 3947 765 4003 sic
784 3963 821 4002 ex
847 3944 1004 4001 intentione
1024 3941 1164 4000 Ecclesia

73 4043 236 4103 desiderant
248 4043 470 4113 Eucharistiam‚
484 4054 513 4103 et
525 4063 576 4123 per
588 4062 769 4117 consequens
782 4042 925 4117 recipiunt
938 4059 998 4098 rem
1021 4038 1162 4118 ipsius.”⁴

77 4141 155 4201 Hinc
177 4138 357 4202 dissuluit:
388 4152 407 4179 “
420 4142 486 4202 Hoc
508 4152 718 4202 sacramentum
746 4159 783 4198 ex
805 4141 902 4217 seipso
922 4141 1054 4201 virtutem
1076 4141 1163 4199 habet

108 4317 151 4380 (1)
170 4311 287 4363 loanni.
300 4315 340 4363 54.
655 4316 698 4381 (2)
717 4311 778 4363 L.i.
789 4317 872 4362 contre
883 4312 1010 4363 Julianum
1020 4329 1072 4379 cap.
1080 4314 1097 4362 ι.

109 4399 152 4463 (3)
170 4395 253 4461 Epist.
265 4395 295 4446 ad
306 4401 386 4460 patres
397 4413 465 4448 conc.
477 4397 546 4447 Milv.
657 4399 700 4466 (4)
719 4397 746 4446 iii
756 4412 779 4460 p.
791 4412 831 4460 qu.
842 4396 920 4447 lxxiii.
931 4404 967 4447 art
977 4397 1011 4446 ιιι.
1040 4397 1115 4464 Rerp.

1084 4596 1093 4609 ,
1111 4584 1117 4593 ,

1080 4680 1094 4705 ·,“
1156 4698 1159 4703 .

1109 4722 1113 4735 Ι
1145 4720 1162 4733 ¹¹¹
1177 4710 1182 4717 Ι

1134 4744 1155 4755 ,.
