2640 4860
112 359 131 414 8
475 350 532 410 DE
553 349 840 412 INTENTIONE.

111 518 271 597 rejicientes
286 515 363 589 quod
375 517 439 593 ipsa
452 516 519 576 facit
530 535 588 575 non
601 515 749 574 videantur
766 515 859 574 lacere
878 514 970 574 velle:
992 513 1044 572 sed
1062 512 1204 593 generalis

111 617 243 675 voluntas
256 616 344 674 errori
356 615 475 692 speciali
487 615 632 692 praevalet.
662 614 721 681 Qui
734 615 879 691 baptizant
891 623 1021 691 putantes
1035 611 1203 692 baptizandi

113 717 198 774 ritum
219 714 362 773 Joaunem
376 715 480 772 babere
501 724 654 781 auctorem,
681 713 734 771 sed
754 712 871 772 Christo
897 714 1057 788 probatum,
1085 722 1115 770 et
1139 711 1202 788 ejus

113 815 276 872 auctoritate
290 812 382 872 adhuc
395 814 511 882 servari,
532 813 663 871 videntur
681 812 786 870 habere
799 812 990 870 necessariam
1002 812 1202 878 intentionem,

111 912 212 972 volunt
229 912 306 971 euim
325 911 416 970 faeere
434 912 512 986 quod
532 911 667 969 Christus
685 909 848 969 faciendum
854 911 953 987 jussit.
994 909 1132 968 lnfideles
1145 910 1202 986 ipsi

113 1009 262 1070 Christum
284 1019 313 1069 et
330 1011 492 1070 Ecclesiam
512 1011 615 1088 pariter
634 1009 805 1087 rejicientes,
820 1010 845 1066 si
859 1008 931 1067 sorte
944 1009 1089 1086 baptizare
1104 1025 1203 1086 aggre-

112 1110 224 1169 diantur
245 1128 281 1168 eo
302 1110 355 1168 ritu
378 1129 435 1184 quo
462 1109 619 1168 Christiani
642 1117 767 1177 utuntur,
794 1108 986 1166 necessariam
1011 1108 1200 1166 intentionem

109 1210 225 1278 habent,
236 1228 314 1278 nam,
326 1210 366 1268 uti
380 1208 463 1266 docet
473 1208 504 1265 S.
517 1208 659 1276 Thomas,
674 1216 692 1243 ‘⁴
702 1225 760 1266 non
772 1208 900 1265 obstante
911 1205 1089 1275 infidelitate,
1103 1215 1198 1283 potest

111 1308 258 1368 intendere
272 1309 364 1366 facere
377 1305 406 1365 id
420 1305 496 1380 quod
510 1306 578 1364 facit
590 1305 734 1373 Ecclesia,
749 1307 816 1364 licet
829 1306 948 1363 aestimet
957 1304 987 1363 id
1000 1305 1072 1363 nihil
1085 1325 1161 1373 esse,
1175 1313 1203 1363 et

112 1408 175 1467 talis
189 1408 305 1467 intentio
319 1405 425 1464 sufficit
437 1405 473 1463 ad
487 1402 745 1464 sacramentum.”¹

153 1511 200 1565 13.
219 1505 341 1563 Constat
349 1505 533 1563 intentionem
541 1505 730 1562 necessariam
739 1522 797 1562 non
808 1501 919 1572 adesse,
928 1501 997 1560 dum
1006 1503 1136 1562 minister
1146 1521 1204 1561 nou

109 1604 195 1673 serid,
207 1603 335 1680 sedjoco
348 1603 415 1680 agit,
425 1603 524 1663 saltem
538 1604 777 1677 quandocumque
786 1603 905 1681 jocandi
918 1603 1029 1660 animus
1040 1602 1202 1670 innotescit,

111 1703 230 1762 Lutheri
243 1702 320 1760 enim
335 1705 466 1772 assertio,
481 1704 587 1762 remitti
607 1714 725 1781 peccata
745 1701 872 1761 credenti
892 1721 925 1760 se
945 1718 1009 1759 esse
1030 1701 1201 1768 absolutum,

112 1803 179 1862 licet
197 1802 332 1861 sacerdos
353 1820 411 1860 uou
435 1802 508 1862 serici
529 1802 580 1861 sed
597 1804 666 1880 joco
686 1803 821 1870 absolvat,
842 1799 942 1860 merito
969 1799 1102 1859 damnata
1127 1793 1203 1858 cst:²

111 1904 219 1980 quippe
234 1921 298 1976 quae
311 1901 383 1961 falso
397 1902 538 1962 nitebatur
550 1903 704 1979 principio,
725 1900 813 1959 fidem
833 1901 951 1978 gratiam
964 1901 1089 1973 assequi,
1111 1918 1202 1958 sacer·

112 2001 208 2062 dotem
221 2002 295 2061 nihil
307 2001 455 2079 perficere.

83 2103 86 2112 '
154 2105 201 2159 14.
224 2101 328 2158 Utrum
354 2100 474 2157 intentio
494 2099 654 2171 requiratur
674 2116 761 2171 quam
786 2097 938 2157 internam
958 2108 1071 2166 vocant,
1092 2098 1203 2157 scilicet

112 2199 217 2257 mentis
244 2197 423 2273 propositum
454 2206 573 2256 externo
605 2198 680 2255 actui
706 2211 876 2267 consonum,
911 2199 941 2256 iu
967 2198 1123 2270 quaestione
1148 2206 1200 2254 est.

111 2295 328 2354 Affirmantibus
342 2303 443 2371 praeter
454 2296 547 2373 ipsam
559 2297 619 2355 vim
633 2297 723 2365 vocis,
734 2297 810 2355 lavet
823 2296 967 2356 damnatio
978 2297 1200 2374 propositionis:

113 2394 228 2452 “Valet
239 2394 396 2470 baptismus
410 2395 529 2453 collatus
545 2415 561 2453 a
574 2397 715 2464 ministro,
737 2397 787 2470 qui
801 2415 917 2455 omnem
935 2397 1022 2454 ritum
1039 2405 1200 2463 externum,

112 2493 290 2566 formamque
312 2493 475 2570 baptizandi
495 2495 635 2563 observat,
657 2497 732 2554 intus
754 2494 820 2553 verd
841 2496 871 2553 in
891 2495 976 2578 corde
999 2513 1051 2554 suo
1073 2494 1149 2570 apud
1170 2512 1201 2550 se

112 2593 246 2653 resolvit:
263 2663 265 2667 4
281 2612 340 2652 non
366 2594 483 2653 intendo
509 2595 611 2662 lacere,
639 2594 716 2668 quod
741 2595 810 2653 facit
835 2587 1020 2653 Ecclesia.’'³
1067 2594 1198 2652 Rubricae

112 2692 242 2752 Missalis
269 2692 304 2752 de
330 2691 446 2775 desecte
471 2693 650 2753 intentionis
674 2702 789 2771 agentes
815 2691 927 2751 dicunt:
963 2692 1027 2751 “Si
1052 2694 1118 2766 quis
1144 2710 1202 2750 non

111 2789 233 2850 intendit
258 2792 410 2860 conficere,
437 2792 487 2851 sed
514 2792 655 2850 delusorie
681 2790 788 2866 aliquid
809 2810 892 2869 agere
991 2793 1060 2850 item
1086 2793 1112 2850 si
1137 2791 1201 2864 quis

111 2890 213 2949 habeat
237 2909 332 2950 coram
358 2910 390 2950 se
417 2892 551 2951 undecim
576 2892 695 2959 hostias,
717 2902 746 2950 et
764 2891 892 2950 intendat
916 2910 1083 2952 consecrare
1106 2890 1200 2950 solum

111 2987 223 3060 decem,
247 3010 305 3051 nou
326 2991 517 3053 determinans
538 3011 609 3066 quas
630 2991 729 3051 decem
752 2990 882 3060 intendit,
904 2991 933 3050 in
953 2992 999 3050 his
1014 2992 1128 3049 casibus
1142 3008 1201 3048 non

112 3098 270 3156 consecrat,
291 3092 359 3162 quia
380 3092 531 3164 requiritur
550 3090 704 3149 intenti0.”
748 3090 927 3149 Gravissima
947 3101 1041 3150 tamen
1063 3099 1108 3148 est
1129 3087 1201 3147 diffi-

111 3186 211 3255 cultas,
242 3184 388 3244 admittere
409 3190 570 3246 ministrum
600 3206 696 3263 posse,
717 3188 830 3247 occulto
851 3189 940 3247 animi
960 3203 1050 3257 motu,
1075 3189 1202 3247 frustrari

111 3285 207 3354 ritum,
222 3302 308 3358 quem
327 3285 445 3343 nomine
465 3284 605 3343 Ecclesiae
627 3283 701 3343 serid
723 3305 858 3363 peragere
879 3289 1006 3349 videtur:
1029 3298 1202 3366 quapropter

23 3404 26 3411 ·
111 3383 238 3461 theologi
264 3383 361 3455 aliqui,
384 3402 449 3442 eum
468 3383 604 3451 Juenin0,
625 3393 752 3454 censent,
779 3384 808 3443 id
828 3389 991 3467 contingere
1017 3407 1076 3448 uon
1103 3406 1200 3465 posse.

112 3481 258 3556 Equidem
272 3481 298 3539 si
317 3500 409 3540 novus
429 3481 563 3541 sacerdos
584 3483 713 3541 exercitii
732 3504 818 3543 causa
836 3494 922 3546 totam
942 3490 1065 3548 Missam
1085 3496 1202 3564 peragat

112 3582 219 3655 absque
245 3581 414 3640 conficiendi
440 3581 571 3640 sacrificii
596 3583 763 3654 intentione,
784 3585 992 3662 proculdubio
1014 3588 1055 3646 nil
1074 3586 1200 3653 conficit,

111 3698 200 3755 quum
214 3679 288 3740 desit
300 3681 417 3739 intentio
427 3689 486 3739 tum
500 3681 619 3750 interna,
634 3692 693 3741 tum
706 3702 768 3757 quae
790 3683 892 3744 dicitur
902 3695 1035 3754 exterua3
1050 3705 1108 3745 uon
1122 3686 1201 3744 enim

112 3797 144 3840 se
158 3781 276 3841 exhibet
288 3779 377 3838 veluti
389 3781 505 3839 nomine
519 3780 660 3839 Ecclesiae
680 3781 754 3842 serid
769 3784 970 3844 celebrantem.
1005 3785 1064 3842 Sed
1084 3785 1110 3843 si
1130 3786 1201 3862 pub·

111 3878 164 3940 lice
178 3881 343 3950 celebraret,
365 3879 507 3956 verbaque
525 3881 747 3941 consecrationis
761 3883 911 3960 proterret,
925 3885 1000 3963 intus
1015 3868 1110 3944 tamen
1125 3884 1201 3964 apud

148 4046 190 4112 (l)
209 4046 243 4095 iii.
253 4063 277 4110 p.
286 4063 327 4110 qu.
337 4047 396 4096 lxiv.
407 4053 450 4096 art.
461 4047 495 4097 ix.
507 4047 537 4096 ad
549 4047 564 4096 i.

146 4129 189 4195 (2)
208 4128 251 4177 xii.
261 4144 329 4191 prop.
341 4129 443 4179 liutheri
453 4132 516 4182 iuter
527 4132 654 4181 damnatas
666 4148 681 4181 a
691 4131 775 4183 Leone
786 4134 819 4183 X.
855 4135 917 4185 Vide
928 4141 953 4185 et
964 4135 1041 4186 Cone.
1054 4136 1121 4186 Trid.
1134 4136 1198 4187 Scss.

111 4210 161 4264 xiv.
173 4210 236 4260 Cau.
247 4210 280 4259 ix.
314 4211 353 4262 Dc
360 4214 451 4279 poenit.

63 4304 72 4317 ”
148 4296 191 4364 (3)
211 4295 287 4361 Prop.
298 4294 381 4345 xxviii
397 4296 464 4348 inter
475 4297 610 4352 damnatas
621 4301 653 4354 ab
665 4301 810 4354 Alexandro
819 4303 887 4352 Vlll.
