2640 4860
463 385 520 447 DE
541 382 852 445 ABSOLUTIONE.
1144 394 1205 450 219

109 556 168 614 labi
201 553 367 612 consuevit:
403 553 448 612 vel
464 553 497 611 *si
516 560 584 629 post
601 562 746 610 certamen
773 571 908 629 magnum
935 553 1082 612 tentationi
1108 557 1204 615 cessit.

109 653 168 713 111.
196 654 315 712 Pietatis
336 653 474 711 exercitia
493 651 528 709 ad
553 650 772 728 precavendum
798 651 911 728 lapsum
938 661 1080 729 suscepta,
1102 672 1136 712 v:
1165 674 1203 732 g:

106 754 232 831 jejunia,
246 752 449 829 eleemosynae,
463 751 616 818 orationes,
637 769 718 808 sacer
737 768 879 819 secessus,
893 751 960 827 fuga
973 753 1166 822 occasionum,
1177 764 1205 812 et

111 871 176 925 quae
190 852 367 929 prescripsit
380 851 571 909 confessarius
591 859 719 909 accurate
740 849 865 926 impleta.
907 850 962 908 IV.
983 850 1101 909 Solioita
1114 853 1205 926 inqui·

111 952 180 1009 sitio
202 951 394 1009 subsidiorum
417 951 519 1023 quibus
543 967 575 1006 se
597 950 706 1008 muniat
725 958 822 1006 contra
841 951 1027 1016 tentationes;
1049 964 1078 1007 et
1102 970 1205 1028 magna

111 1052 202 1108 animi
217 1049 411 1128 promptitudo
425 1049 459 1108 ad
473 1068 507 1108 ea
521 1048 726 1125 amplectenda.
768 1049 807 1106 V.
829 1048 983 1106 Confessio
1004 1057 1106 1125 sponte
1120 1050 1203 1119 facta,

113 1149 193 1207 haud
215 1150 329 1207 alterIus
349 1150 445 1227 jussu,
465 1149 512 1206 vel
535 1158 651 1224 rogatu;
682 1157 762 1205 extra
783 1157 910 1224 tempora
931 1159 1077 1216 consueta,
1098 1156 1204 1208 etcum

112 1267 219 1327 magno
234 1249 278 1306 sui
290 1247 485 1306 incommodo.
527 1246 581 1305 VI.
604 1247 636 1303 Si
651 1248 793 1324 poenitens
814 1248 981 1329 accesserit,
991 1247 1139 1306 subitanea
1156 1248 1205 1306 ali·

112 1349 198 1425 cujus
209 1356 310 1416 morte,
325 1347 371 1404 vel
385 1356 487 1404 eventu
502 1345 568 1414 alio,
583 1347 633 1418 qni
647 1365 713 1404 cum
727 1345 831 1404 divInis
841 1345 958 1424 judiciis
969 1365 1116 1404 connexus
1130 1346 1207 1404 vide·

110 1454 165 1513 tur,
181 1464 352 1523 percussus3
373 1446 417 1503 vel
429 1446 610 1502 vehementer
623 1456 786 1503 commotus
798 1464 835 1503 ex
849 1445 1040 1521 praedicatoris
1054 1446 1201 1504 concione.

113 1545 186 1603 v11.
202 1545 234 1601 Si
245 1553 359 1620 peccata
372 1563 435 1617 quae
450 1530 599 1620 prius'prae
614 1543 721 1621 pudore
732 1545 838 1612 omisit,
853 1546 1031 1602 confiteatur.
1072 1545 1157 1603 VIII.
1173 1546 1206 1603 Si

113 1663 175 1701 rem
190 1644 311 1702 ablatam
326 1644 481 1710 abstulerit,
501 1643 548 1700 vel
567 1643 735 1700 satisfecerit
752 1643 832 1710 laeso,
853 1654 884 1700 ut
903 1662 934 1700 se
957 1643 992 1700 ad
1012 1643 1207 1702 confitendum

113 1751 235 1819 pararet.
277 1743 331 1801 IX.
353 1743 387 1802 si
400 1762 436 1800 ex
450 1740 616 1800 confessarii
630 1743 788 1799 hortatione
802 1740 928 1800 videatur
937 1761 1012 1801 novo
1022 1744 1130 1820 peccati
1139 1743 1206 1801 odio

113 1841 244 1919 flagrare.

404 2076 430 2149 §.
451 2075 505 2132 IV.
548 2075 596 2133 Du
617 2093 740 2132 nononis
759 2092 909 2132 urrunnu.

152 2246 224 2300 204.
246 2242 397 2300 Absolutio
417 2242 573 2300 differenda
592 2253 646 2310 est,
667 2245 778 2315 quoties
801 2263 859 2302 non
882 2245 951 2302 satis
971 2244 1026 2302 sibi
1040 2263 1207 2322 persuasum

113 2342 200 2399 habet
226 2341 418 2399 confessarius
439 2342 622 2416 poenitentem
643 2344 738 2399 auimo
758 2361 824 2401 vere
851 2342 956 2410 dolere,
979 2353 1006 2400 et
1026 2346 1205 2422 propositum

113 2441 211 2498 fovere
226 2448 374 2516 peccatum
388 2439 527 2496 evitandis
549 2440 676 2517 prudens
696 2443 803 2516 quippe
817 2442 940 2516 exigitur
952 2440 987 2498 de
1001 2461 1035 2500 eo
1051 2442 1205 2520 judicium,

112 2548 144 2597 ut
158 2540 223 2612 quis
246 2540 358 2596 veniam
380 2539 521 2616 impetret.
564 2539 646 2616 Opus
670 2539 786 2611 quidem
806 2557 864 2597 non
888 2549 932 2595 est
955 2539 1009 2596 sibi
1035 2540 1205 2616 persuadere

112 2639 301 2716 poenitentem
314 2637 391 2696 haud
405 2638 527 2714 amplius
540 2639 698 2715 lapsurum,
709 2657 776 2695 nam
791 2637 872 2695 Deus
881 2637 1004 2713 ignoscit
1013 2656 1077 2695 vere
1088 2638 1205 2705 dolenti,

113 2739 223 2811 quiex
246 2737 341 2795 animo
362 2738 498 2814 proponit
517 2744 665 2813 peccatum
685 2738 784 2805 vitare,
808 2746 835 2794 et
855 2734 1028 2793 adminicula
1046 2737 1208 2795 neccssaria

114 2837 262 2905 adhibere,
275 2836 343 2893 licet
363 2836 516 2912 praevideat
535 2855 601 2895 eum
627 2835 779 2909 aliquando
805 2856 821 2892 a
845 2837 921 2894 bono
941 2833 1116 2893 defecturum
1143 2854 1207 2912 pro-

113 2937 221 3012 posito.
265 2935 323 2992 Sed
344 2936 369 2992 si
389 2936 496 2994 haereat
514 2937 611 2994 animo
623 2935 813 2993 confessarius
835 2935 870 2993 de
884 2934 1046 3010 poenitentis
1060 2935 1207 3010 proposito

113 3036 228 3094 sincero
242 3043 270 3091 et
283 3034 393 3102 dolore,
408 3054 466 3093 non
479 3034 564 3093 debet
574 3044 680 3092 temere
692 3034 850 3102 absolvere,
865 3033 979 3090 omissis
993 3032 1128 3091 subsidiis
1142 3052 1206 3105 qum

113 3134 320 3192 dubitationem
334 3134 443 3192 tollant.
485 3134 519 3191 Si
540 3143 640 3210 urgeat
658 3132 821 3191 celebrandi
841 3132 1006 3200 necessitas,
1028 3133 1081 3189 erit
1100 3133 1207 3209 gravis·

115 3235 189 3291 sinna
203 3234 274 3290 ratio
287 3251 337 3290 cur
362 3233 555 3309 poenitentiam
580 3233 723 3309 profitenti
743 3232 825 3291 detur
844 3232 937 3289 statim
962 3232 1055 3298 venia,
1078 3250 1114 3288 ne
1135 3231 1207 3289 cele·

113 3334 195 3390 brare
219 3339 335 3408 cogatur
358 3332 453 3388 anima
471 3331 548 3390 haud
569 3331 717 3390 mundata:
738 3350 797 3390 non
816 3333 855 3389 ita
868 3339 973 3394 tamen,
1000 3331 1035 3398 si,
1056 3350 1086 3388 re
1100 3331 1206 3408 saepius

119 3438 235 3496 tentata,
250 3448 365 3506 semper
377 3439 509 3488 noscatur
523 3430 641 3507 fragilis,
662 3439 730 3488 tunc
753 3431 829 3488 enim
850 3429 885 3487 de
907 3428 1003 3488 dolore
1017 3440 1045 3486 ct
1058 3432 1208 3508 proposito

115 3540 160 3588 est
182 3530 277 3606 gravis
299 3528 446 3586 dubitandi
466 3531 554 3587 ratIo:
575 3536 603 3586 et
623 3528 842 3586 extraordinaria
862 3529 983 3587 dolentis
1005 3530 1091 3588 animi
1105 3529 1210 3588 indicia

116 3628 259 3704 exigenda
284 3635 360 3684 sunt.
403 3628 437 3685 Si
459 3637 665 3686 sacramentum
686 3626 901 3704 suscipiendum
928 3629 965 3684 sit
989 3627 1140 3695 vivorum,
1167 3628 1209 3685 uti

116 3729 204 3794 aiunt,
219 3726 273 3783 erit
285 3727 371 3784 etiam
384 3727 455 3783 ratio
469 3743 519 3785 cur
532 3727 614 3785 detur
627 3726 767 3784 absolutio
787 3728 815 3783 ei
835 3726 884 3797 qui
897 3723 1024 3782 dolorem
1039 3735 1067 3781 et
1079 3705 1208 3801 proposi·

116 3836 176 3884 tum
191 3824 347 3902 praesefert,
362 3843 409 3892 ne,
424 3827 532 3901 peccati
545 3825 608 3883 labe
621 3824 699 3883 haud
718 3826 852 3890 abstersa,
874 3820 1007 3898 indignus
1028 3822 1157 3879 accedat:
1172 3841 1205 3878 v:

115 3945 153 4002 g:
169 3925 195 3982 si
209 3924 420 3982 matrimonium
434 3935 627 3982 contracturus
639 3925 685 3982 sit.
728 3924 847 3989 Quoties
861 3920 895 3976 de
909 3920 1072 3994 poenitentis
1086 3919 1208 3996 disposi-

115 4024 197 4083 tione
211 4022 363 4090 dubitatur‚
384 4031 413 4080 et
425 4039 470 4080 res
485 4042 543 4082 non
557 4031 649 4099 urget,
664 4031 856 4099 opportunum
868 4019 923 4076 erit
937 4018 1145 4079 absolutionem
1159 4018 1209 4077 ali·

116 4121 257 4196 quamdiu
272 4119 396 4190 differre,
411 4123 561 4199 praeceptis
575 4122 689 4180 interim
702 4120 815 4198 pietatis
830 4117 984 4185 exercitiis,
999 4117 1103 4188 quibus
1117 4117 1210 4175 muni·

117 4231 180 4279 atur
202 4221 231 4279 in
251 4219 327 4279 bono
347 4221 493 4296 proposito
515 4210 643 4280 animus:
665 4219 717 4277 sed
735 4220 831 4276 brevis
855 4215 938 4274 debet
957 4232 1021 4273 esse
1043 4215 1150 4283 dilatio,
1173 4233 1210 4274 ne

113 4319 287 4379 diuturniori
302 4337 382 4379 mora
395 4319 536 4396 ponimns
550 4318 673 4378 deficiat.
695 4319 753 4385 Qui
766 4335 818 4395 pro
831 4335 910 4377 more
920 4316 1027 4376 habent
1039 4315 1208 4391 poenitentes
