2640 4860
339 359 396 465 Dp}
416 358 626 423 MINISTRO
646 360 855 422 BAP'I'ISMI.
1101 367 1140 422 ³7

53 527 318 604 venia,bapti1are‚
342 547 432 603 quum
451 547 556 588 munus
577 529 614 586 sit
632 530 760 606 parochi.
801 528 922 597 Quoties
941 530 1067 607 baptizat
1080 529 1139 590 dis·

52 644 153 696 conus,
168 645 204 685 ex
219 627 312 697 venie,
323 629 468 688 consuetis
481 629 568 687 utitur
580 628 697 687 ritibus:
718 628 836 697 nonita,
855 630 881 688 si
901 647 938 687 ex
958 631 1138 698 necessitate,

53 726 161 799 absque
174 723 335 786 mandato.¹
375 728 433 794 Qui
452 728 618 787 solemniter
638 728 744 801 absque
765 729 859 796 venio,
880 731 965 788 etiam
987 730 1016 788 in
1036 746 1135 788 neces·
1187 797 1191 803 ¹

51 825 147 895 nitate,
162 827 296 902 baptizat,
310 826 343 885 fit
355 823 543 905 irregularis?

73 926 143 989 m.
166 924 376 1004 “Baptismum
391 936 446 986 tam
461 927 597 1004 parvulis,
613 944 697 999 quam
712 925 824 995 adultis,
845 928 875 986 in
895 928 985 987 sorma
996 928 1137 987 Ecclesiae

52 1041 69 1081 a
82 1041 263 1097 quocumque
275 1027 328 1085 rite
342 1025 488 1096 collatum,
502 1026 639 1103 proficere
660 1025 695 1084 ad
715 1026 867 1095 salutem,'’
888 1025 971 1086 docet
983 1029 1139 1088 concilium

54 1122 246 1182 Lateranense
260 1118 330 1183 IV.³
369 1126 412 1185 Ita
425 1128 509 1185 etiam
530 1125 647 1184 traditur
661 1127 689 1184 in
703 1124 817 1184 decreto
836 1145 889 1203 pro
902 1128 1053 1185 Armenis:
1076 1136 1095 1162 ‘⁸
1105 1127 1141 1186 In

51 1238 120 1282 essu
146 1232 240 1282 autem
260 1227 447 1295 necessitatis,
475 1244 532 1284 non
558 1225 652 1284 solum
672 1224 815 1292 sacerdos,
841 1225 893 1284 vel
913 1224 1061 1295 diaconus,
1088 1226 1141 1284 sed

55 1322 137 1380 etiam
150 1321 250 1391 laicus,
266 1323 310 1381 vel
325 1325 437 1394 mulier,
459 1327 517 1384 imo
536 1325 621 1383 etiam
634 1343 762 1402 paganus
782 1335 811 1382 et
823 1325 982 1393 haereticus,
996 1327 1140 1404 baptizare

55 1416 194 1496 potest.'’⁴
234 1421 267 1481 ld
286 1422 355 1483 olim
380 1426 495 1502 agnovit
514 1424 707 1482 Tertullianus
727 1424 816 1482 laicos
839 1425 999 1484 sacerdotio
1014 1424 1139 1500 quodam

57 1520 107 1580 lrui
121 1522 151 1578 in
164 1521 265 1580 salutis
278 1523 378 1582 alienae
391 1523 572 1583 discrimine:
588 1531 608 1559 “
620 1522 750 1582 Sufficiat
761 1513 871 1582 scilicet
881 1526 909 1584 in
921 1527 1139 1584 necessitatibus

58 1620 150 1688 utaris,
165 1620 256 1680 sicubi
271 1631 318 1681 aut
336 1622 393 1680 loci
413 1632 459 1681 aut
472 1640 600 1701 personae
620 1621 745 1681 conditio
765 1623 921 1702 compellit.
963 1624 1049 1685 Turro
1062 1627 1140 1684 enim

59 1720 212 1779 constantia
232 1723 424 1780 succurrentis
442 1723 594 1798 excipitur,
611 1740 675 1779 cnm
696 1731 779 1798 urget
798 1724 1008 1783 circumstantia
1028 1717 1140 1804 pericli·

14 1840 19 1845 ·
48 1820 147 1880 Νῶε.
192 1819 334 1886 Quoniam
349 1840 415 1880 reus
428 1823 482 1880 erit
491 1821 596 1898 perditi
615 1820 751 1888 hominis,
766 1822 791 1878 si
805 1821 1143 1911 supersederitm

59 1918 131 1991 quod
150 1918 241 1977 libere
264 1916 406 1996 potuit.”⁵
445 1921 584 1979 Praeolare
605 1938 657 1996 pro
679 1938 757 1977 more
781 1920 936 1997 Angelious
958 1890 1174 2091 d⁰⁰ffl³

57 2019 190 2094 exponit:
213 2025 234 2053 “
244 2018 290 2077 Ad
302 2021 525 2080 misericordiam
546 2020 621 2097 ejus,
643 2019 692 2091 qni
712 2019 772 2077 vult
784 2038 885 2079 omnes
899 2006 1041 2081 hominos¹
1107 2008 1121 2019 ”

56 2112 125 2187 fieri,
149 2117 273 2194 pertinet
290 2128 322 2178 ut
341 2121 371 2179 in
390 2120 437 2178 his
458 2139 520 2193 quae
541 2128 609 2178 sunt
627 2118 663 2177 de
687 2121 855 2179 necessitate
875 2119 984 2190 salutis,
1004 2121 1093 2181 homo
1105 2120 1142 2179 de

56 2216 129 2277 sacili
143 2216 304 2278 remedium
318 2221 453 2279 inveniat.
495 2219 573 2279 Inter
591 2219 688 2278 omnia
708 2229 802 2279 autem
819 2230 996 2279 sacramenta
1008 2222 1142 2281 maxime

55 2318 233 2376 necessitatis
253 2327 298 2377 est
322 2320 489 2398 baptismus,
510 2319 559 2392 qui
585 2327 629 2378 est
653 2321 828 2395 regeneratio
854 2320 980 2379 hominis
1000 2321 1029 2379 in
1055 2322 1142 2378 vitam

55 2417 248 2494 spiritualem:
277 2419 344 2492 quia
368 2421 464 2497 pueris
491 2419 572 2477 aliter
596 2419 714 2479 omnino
739 2420 883 2478 subveniri
905 2438 963 2479 non
986 2429 1089 2497 potest,
1116 2427 1144 2476 et

54 2514 140 2577 udulti
153 2534 213 2576 non
227 2527 350 2594 possunt
362 2520 452 2588 aliter,
466 2537 551 2593 quam
565 2537 617 2596 per
630 2519 800 2594 baptismum
814 2518 929 2596 plenam
942 2519 1142 2577 remissionem

15 2682 21 2695 .
53 2616 207 2697 «numqui,
227 2628 255 2676 et
267 2627 403 2691 quantum
417 2618 450 2676 ad
465 2619 590 2696 culpam,
611 2627 640 2676 et
658 2627 794 2692 quantum
808 2618 844 2676 ad
857 2635 982 2695 poenam.
1024 2617 1065 2675 Et
1077 2615 1143 2676 ideo

53 2702 278 2805 winnocirca
291 2718 446 2777 remedium
460 2726 517 2778 mm
531 2719 725 2777 necessarium
736 2716 878 2776 desectum
892 2718 950 2794 pati
963 2734 1023 2774 non
1037 2717 1137 2794 possit,

53 2810 274 2877 nebulones
292 2825 323 2876 ut
342 2827 371 2876 et
390 2819 506 2876 materia
524 2818 657 2894 baptismi
678 2818 716 2875 sit
735 2816 906 2883 communis,
927 2815 1036 2873 scilieet
1058 2834 1141 2887 aque,

55 2932 148 2988 quaen
168 2916 298 2990 quolibet
316 2915 352 2975 de
373 2916 448 2976 facili
468 2917 565 2976 baberi
578 2924 688 2994 potest:
711 2924 739 2972 et
761 2915 889 2973 minister
909 2915 1043 2991 baptismi
1059 2915 1143 2972 etiam

54 3015 91 3072 sit
109 3016 285 3088 quicumque
305 3034 363 3075 non
389 3025 432 3074 est
451 3016 607 3084 ordinatus,
629 3035 665 3074 ne
690 3021 806 3092 propter
831 3012 972 3072 delectum
998 3014 1143 3090 baptismi,

55 3111 142 3173 homo
162 3113 262 3172 salutis
288 3134 348 3174 suoe
367 3114 550 3192 dispendium
570 3108 740 3192 patiatur.''⁶
779 3113 935 3173 Mulierem
954 3113 1144 3191 baptizantem

54 3213 140 3271 etiam
166 3213 311 3272 vindicat:
337 3214 530 3274 “Dicendum
558 3215 634 3288 quod
655 3214 789 3273 Christus
812 3214 927 3287 estqui
951 3213 1146 3291 principaliter

55 3311 193 3388 baptizat,
214 3312 372 3373 secundum
395 3314 465 3373 illud
486 3315 572 3385 Joan.
587 3315 612 3374 Ι.
654 3315 767 3391 ‘Super
786 3331 873 3387 quem
886 3312 992 3373 videris
1006 3313 1144 3388 Spiritum

57 3409 287 3481 descendentem,
302 3422 332 3472 et
342 3424 515 3482 manentem,
536 3414 584 3471 hic
604 3415 716 3487 estqui
736 3412 880 3490 baptizat!
922 3412 1037 3472 Dicitur
1050 3423 1145 3472 autem

58 3508 174 3570 Coloss.
187 3511 243 3571 111.
258 3511 335 3586 quod
359 3513 405 3571 ‘in
418 3512 537 3572 Christo
551 3532 610 3573 non
631 3522 674 3571 est
693 3512 835 3571 masculus
849 3522 877 3570 et
888 3512 1028 3573 immina?
1070 3513 1146 3579 Quia

58 3618 154 3670 tamem
178 3619 282 3688 ‘caput
294 3611 421 3671 mulieris
435 3622 479 3671 est
491 3613 543 3680 vir,
557 3621 586 3670 et
597 3622 682 3688 caput
694 3614 745 3671 viri
759 3621 803 3670 est
815 3611 961 3671 Christus‘
990 3609 1034 3692 (ut
1046 3610 1148 3668 dicitur

61 3704 165 3769 l'Oor.
177 3707 232 3790 xi.)
253 3729 312 3771 non
335 3711 420 3770 debet
439 3712 542 3770 mulier
561 3713 715 3790 baptizare,
735 3712 762 3769 si
785 3711 859 3770 adsit
877 3712 962 3787 copia
981 3710 1052 3768 viri:
1074 3709 1149 3767 sicut

59 3824 111 3867 nec
127 3807 219 3869 licus
241 3820 381 3888 presente
403 3810 518 3879 clerico,
541 3829 595 3870 nec
618 3811 737 3870 clericus
757 3819 899 3887 presente
919 3806 1075 3873 sacerdote,
1099 3807 1149 3880 qui

61 3914 153 3968 tamen
166 3918 262 3987 potest
273 3910 416 3989 baptizare
429 3920 569 3988 praesente
583 3911 738 3988 episcopo:
760 3927 795 3967 eo
817 3906 895 3982 quod
909 3905 964 3964 hoc
979 3905 1102 3983 pertinet
1115 3903 1150 3963 ad

95 4163 140 4233 (l)
157 4162 186 4216 8.
197 4162 272 4228 Alpb
284 4164 300 4215 l.
311 4163 343 4215 vi.
354 4179 380 4215 m
394 4167 449 4215 116.
618 4166 661 4232 (ὓ)
680 4162 743 4228 Cep.
754 4161 782 4212 Si
793 4160 848 4227 quis
857 4160 874 4210 i.
885 4157 915 4210 de
930 4159 997 4212 cler.
1008 4174 1059 4212 non
1071 4160 1123 4212 ord.

96 4250 139 4317 (8)
158 4246 223 4314 Cep.
235 4247 368 4302 Firnriter.
622 4251 665 4315 (4)
684 4248 755 4298 Docr.
766 4263 810 4312 pro
821 4246 943 4296 Armonio.

98 4335 141 4400 (b)
159 4331 281 4398 Deliept.
620 4335 663 4402 (b)
681 4329 983 4399 rituqutxvi'nsrtiit
1018 4327 1093 4396 Resp-

102 4430 177 4492 Vor..
192 4430 310 4490 Ill—5
