2640 4860
176 386 233 445 rol
526 377 583 439 DE
606 374 915 437 GONFESSIONE.

174 548 390 613 correctionem,
404 544 450 603 vel
463 544 519 604 alio
533 545 635 618 quovis
649 550 803 621 protextu:
823 560 907 617 quos,
921 542 948 601 si
963 541 1141 620 denegandae
1155 543 1259 603 absolu·
1282 554 1290 571 “

176 647 262 707 tioms
284 645 369 704 minis
390 646 534 721 coegerint
554 645 726 722 poenitentes
747 642 782 702 ad
807 642 1012 702 revelationem
1030 641 1212 719 hujusmodi,
1232 643 1260 702 S.

176 745 358 818 Inquisitioni
372 743 580 803 denuntiandos
594 761 669 812 esse,
689 753 834 816 tamquam
853 750 1004 819 suspectos
1026 741 1059 800 in
1080 740 1150 811 tide,
1169 742 1262 819 jussit,

176 864 234 905 non
248 854 374 903 tamena
394 844 594 921 poenitentibus
607 844 690 921 ipsis,
711 841 763 900 sed
782 842 817 900 ab
836 842 899 901 aliis
920 841 969 915 qui
991 838 1211 914 aliundequam
1230 859 1264 898 ex

178 945 294 1021 propria
308 943 490 1003 confessione
504 938 658 1002 noverint¹
698 940 843 1014 Equidem
865 940 914 1000 illa
930 939 1034 1018 agendi
1047 939 1121 998 ratio
1138 958 1266 1018 maguam

176 1044 315 1103 iuvidiam
329 1043 443 1102 afferret
454 1051 641 1110 sacramento,
650 1050 678 1098 et
685 1041 807 1118 plurima
820 1052 850 1099 et
857 1039 1026 1118 gravissima
1037 1048 1154 1115 pareret
1163 1040 1265 1098 incom-

176 1143 272 1211 moda,
293 1142 369 1202 haud
393 1144 499 1215 absque
520 1141 701 1200 revelationis
722 1141 860 1217 periculo.
902 1138 1083 1198 Confessarii
1103 1156 1208 1197 munus
1228 1146 1268 1195 est

178 1244 322 1320 praecipue
345 1241 428 1300 saluti
448 1242 611 1318 prenitentis
634 1239 757 1299 studere.
800 1238 975 1297 “Caeterum
1001 1237 1173 1296 confessarii
1198 1238 1267 1294 bene

178 1351 309 1420 possunt,
323 1351 352 1399 et
363 1350 501 1409 tenentur,
516 1340 551 1398 ad
574 1340 761 1417 integritatem
782 1339 973 1398 confessionis
986 1337 1160 1396 servandam
1172 1336 1267 1408 exqui-

178 1459 241 1500 rere
254 1440 479 1499 circumstantias
493 1441 679 1507 necessarias,
693 1456 797 1514 nempe
812 1438 857 1497 vel
871 1457 935 1511 quae
948 1437 1078 1515 speciem
1091 1446 1212 1504 mutant,
1226 1435 1269 1493 vel

178 1539 362 1613 exquirendae
376 1550 451 1607 sunt,
466 1550 498 1597 ut
510 1539 673 1617 poenitentis
693 1537 877 1597 conscientia
896 1535 1071 1605 consulatur,
1086 1545 1156 1613 puta
1167 1535 1193 1593 si
1205 1552 1268 1593 cou-

178 1638 315 1698 fossarius
338 1638 478 1711 exquirat,
499 1658 535 1696 au
557 1655 681 1716 persona
700 1638 850 1713 complicis
871 1637 909 1695 sit
927 1637 957 1694 in
976 1636 1072 1712 primo
1085 1635 1133 1693 vel
1145 1631 1269 1693 secundo

178 1735 278 1816 gradu
301 1739 326 1795 si
346 1738 433 1815 ligata
454 1748 530 1806 voto,
550 1740 576 1797 si
596 1740 634 1797 sit
653 1737 766 1804 ancilla,
780 1737 805 1795 si
818 1736 925 1794 habitet
936 1737 967 1794 in
978 1734 1082 1793 eadem
1095 1732 1193 1802 domo,
1206 1734 1271 1795 licet

181 1836 276 1895 veniat
297 1837 327 1895 in
348 1838 542 1915 cognitionem
564 1827 765 1915 complicis.”²
804 1836 848 1895 Ita
867 1835 900 1894 S.
920 1834 1100 1912 Alphousus.
1143 1833 1270 1901 Quodsi

182 1937 325 2013 poenitens
351 1947 455 2015 sponte
480 1955 532 1994 sua
563 1936 726 1995 manifestet
747 1937 871 2003 socium,
897 1943 925 1993 st
957 1933 1166 1993 confessarium
1185 1941 1271 2009 roget,

180 2045 212 2094 ut
224 2036 349 2094 studium
364 2047 451 2112 ponat
463 2036 492 2093 in
505 2035 567 2111 ejus
581 2035 790 2103 emendatione,
804 2035 834 2093 id
848 2036 897 2093 vix
910 2042 970 2092 tuto
982 2032 1045 2091 fieri
1058 2033 1172 2108 poterit,
1186 2050 1272 2105 quum

179 2135 262 2193 facile
275 2134 364 2210 sigilli
377 2135 474 2192 violati
494 2142 625 2193 nascatur
645 2135 784 2211 suspicio.
827 2134 959 2211 Sigrave
976 2131 1115 2190 damnum
1128 2133 1275 2190 immineat

180 2234 338 2300 innocenti,
353 2232 399 2290 vel
422 2233 629 2302 communitati,
656 2236 687 2293 ni
710 2233 806 2291 socius
826 2233 976 2300 reveletur,
999 2230 1151 2308 injungere
1174 2231 1277 2308 poterit

180 2328 372 2389 confessarius
386 2330 545 2407 poenitenti,
558 2341 591 2390 ut
612 2351 678 2391 eum
692 2331 839 2390 denuntiet
858 2334 886 2391 ei
906 2331 955 2405 qui
968 2338 1100 2388 occurrat
1108 2329 1203 2399 malo;
1226 2327 1277 2389 sed

179 2428 298 2487 minime
311 2428 486 2505 exigendum
499 2439 544 2485 est
556 2439 588 2487 ut
600 2432 656 2488 sibi
669 2431 860 2488 manifestatio
872 2432 922 2486 fiat
933 2431 963 2486 iu
976 2429 1121 2485 tribunali.
1164 2429 1197 2486 Si
1211 2446 1275 2487 oon·

181 2526 270 2604 tingat
282 2527 488 2586 confessarium
503 2545 620 2587 munere
634 2528 731 2603 aliquo
744 2527 835 2603 fungi,
850 2525 922 2585 adeo
941 2535 973 2583 ut
990 2527 1018 2583 ei
1039 2525 1222 2585 denunciatio
1241 2526 1275 2585 de

177 2627 254 2704 jure,
269 2628 309 2685 uti
324 2629 411 2695 aiunt,
434 2627 562 2685 sacieuda
583 2629 630 2696 sit,
645 2628 748 2704 poterit
767 2628 918 2704 injungere
937 2633 970 2684 ut
982 2624 1031 2683 fiat
1043 2634 1126 2684 extra
1138 2626 1274 2685 tribunal:

182 2727 234 2785 sed
249 2724 311 2784 rard
324 2727 450 2803 expedit.

223 2830 272 2884 52.
295 2826 469 2899 Plerumque
489 2843 546 2884 uon
567 2825 683 2902 expedit
702 2833 734 2883 ut
753 2824 943 2882 confessarius
964 2823 1167 2899 poenitentium
1180 2833 1277 2900 rogatu

183 2924 255 2983 alios
269 2925 421 2984 emendare
435 2933 523 2993 curet,
534 2925 600 2983 licet
612 2924 684 2983 socii
693 2924 820 2983 criminis
835 2942 893 2982 non
905 2923 979 2980 sint:
993 2940 1060 2980 nam
1074 2941 1138 2996 quae
1152 2923 1183 2981 in
1193 2923 1277 2982 tribu·

184 3025 241 3082 nali
249 3012 341 3082 delata
356 3035 432 3093 sunt,
447 3025 599 3082 occasione
613 3024 700 3082 veluti
713 3023 913 3092 confessionis,
923 3021 1118 3081 difficultatem
1132 3031 1162 3079 et
1170 3023 1279 3099 pericu·

186 3122 246 3182 lum
261 3123 377 3181 habent.
573 3188 579 3195 N

225 3226 275 3278 53.
298 3221 475 3292 “Inquirere
494 3238 602 3278 nomen
620 3221 784 3296 poeuitentis
805 3240 862 3280 non
881 3219 957 3288 licet,
979 3236 1075 3291 neque
1095 3219 1160 3296 ejus
1173 3218 1279 3277 habita·

185 3318 302 3384 tionem,
316 3319 420 3375 aliasve
434 3320 498 3394 ejus
513 3319 660 3389 qualitates
672 3330 701 3378 et
713 3320 948 3387 circumstantias,
963 3337 1025 3391 quae
1036 3335 1191 3393 personam
1201 3318 1278 3376 illius

184 3414 317 3491 detegant
331 3418 393 3474 sine
406 3417 466 3474 ulla
478 3417 637 3476 rationabili
658 3413 793 3478 causa.'’³
832 3418 875 3477 Ita
894 3419 931 3477 P.
946 3417 1100 3493 Philippus
1121 3417 1157 3475 de
1172 3415 1280 3497 Carbo·

185 3532 288 3572 neano.

490 3722 516 3797 §.
531 3721 586 3781 v1.
627 3722 675 3780 Da
696 3739 838 3781 naccaars
857 3739 966 3780 nunus.

226 3894 276 3949 54.
298 3892 419 3949 Peccata
440 3867 515 3948 certa
534 3899 601 3948 sunt
619 3888 782 3948 necessarii)
796 3890 826 3947 in
838 3866 1019 3947 consessione
1031 3885 1221 3946 declaranda:
1244 3885 1279 3945 de

186 3987 280 4049 dubiis
303 4000 397 4048 autem
419 4007 478 4047 non
497 3988 596 4048 eadem
616 4000 661 4048 est
679 3989 808 4047 omnium
829 3987 978 4046 sententia.
1020 3984 1054 4043 Si
1079 3987 1145 4060 quis
1170 3985 1280 4060 aliquid
1308 4006 1316 4015 ·

221 4154 264 4220 (l)
284 4153 370 4206 Conse.
382 4153 973 4220 Supremaomninmceolmamm,v01.i.13u11.
986 4168 1011 4219 p.
1023 4154 1082 4201 535.
1093 4157 1119 4202 et
1131 4150 1218 4202 const.
1235 4150 1282 4204 Udi

180 4237 311 4302 primum,
321 4239 369 4287 vol.
377 4238 403 4287 ii.
413 4254 438 4303 p.
450 4242 490 4289 54.

222 4321 265 4386 (2)
285 4318 315 4369 L.
327 4322 359 4373 vi.
369 4337 395 4371 u.
403 4323 462 4371 491.
675 4326 718 4392 (3)
737 4322 766 4377 In
778 4323 1028 4384 adnotadAntoino,
1038 4328 1107 4374 tract
1117 4322 1148 4374 de
1158 4322 1245 4388 poeuit.
