2640 4860
110 373 171 431 sot
399 364 457 426 Dn
479 360 904 425 DISPENSATIONIBUS.

112 535 240 596 monium
251 532 327 590 bona
338 531 395 588 fide
408 539 580 590 contractum
591 529 620 587 in
632 528 703 587 facie
717 527 868 595 Ecclesiae,
882 526 1041 603 praemissis
1055 528 1206 587 denuntia·

113 633 246 696 tionibus,
268 631 315 688 ubi
336 630 400 689 haec
423 631 499 706 riget
518 627 679 703 disciplina,
703 638 731 684 et
752 627 877 701 separari
898 637 1042 699 nequeant
1064 629 1206 704 conjuges

112 734 220 803 absque
234 728 379 799 scandalo,
390 728 439 789 sel
449 728 619 807 gravissimo
632 725 746 793 damno,
761 736 790 783 et
803 724 893 782 facilis
904 744 962 783 non
974 728 1012 784 sit
1025 745 1160 784 recursus
1171 726 1207 784 ad

113 830 295 895 Pontificem,
322 826 451 903 plerique
475 826 601 902 theologi
627 834 747 882 censent
771 826 940 900 episcopum
967 843 1006 882 ex
1033 836 1207 901 praesumpta

113 918 262 988 Pontificis
287 927 442 991 voluntate,
469 924 635 999 dispensare
663 941 758 998 posse.
813 922 898 988 Quod
924 925 950 981 si
976 941 1029 999 per
1055 923 1207 1000 epistolam

112 1027 231 1086 obtineri
253 1027 331 1082 brevi
352 1027 442 1100 possit
455 1022 629 1098 dispensatio
643 1021 799 1096 pontificia,
815 1023 845 1078 in
857 1021 931 1079 bona
951 1021 1007 1079 fide
1021 1021 1204 1095 relinquendi

112 1136 205 1193 erunt,
218 1134 246 1180 ct
259 1121 435 1199 expectanda
448 1121 632 1196 dispensatio.
654 1120 687 1175 Si
698 1119 935 1195 impedimentum
950 1121 1107 1188 occultum,
1122 1121 1205 1194 quale

114 1235 158 1282 est
170 1224 336 1300 plerumque
350 1222 452 1296 copula
466 1220 562 1277 illicita
581 1237 646 1276 cum
667 1218 882 1294 consanguinea
901 1237 1027 1296 sponsae,
1050 1219 1206 1296 reperiatur

114 1333 179 1380 ante
200 1320 419 1387 matrimonium,
434 1320 469 1376 iis
493 1319 521 1374 in
544 1336 636 1375 rerum
658 1317 797 1394 adjunctis
818 1318 847 1374 in
869 1318 970 1388 quibus
992 1337 1073 1376 mora
1094 1317 1204 1377 afferret

114 1438 249 1498 magnum
262 1418 428 1476 scandalum
442 1416 487 1474 vel
500 1415 718 1474 detrimentum:
741 1424 838 1492 “puta
850 1416 874 1472 si
888 1417 957 1474 alias
971 1417 1120 1475 immineat
1132 1419 1204 1492 peri·

114 1520 210 1577 culum
224 1518 332 1586 mortis,
349 1519 391 1575 vel
405 1518 430 1574 si
446 1515 655 1573 matrimonium
677 1516 714 1572 sit
733 1515 926 1573 necessarium
947 1515 981 1573 ad
1002 1516 1202 1592 legitimandas

115 1618 220 1696 proles,
235 1616 280 1673 vel
301 1615 336 1673 ad
356 1614 497 1675 vitandam
512 1615 626 1672 feminas
641 1614 786 1673 infamiam
808 1622 855 1670 aut
868 1613 921 1671 alia
934 1611 1095 1673 damna:’'l
1108 1615 1203 1691 plures

114 1725 232 1775 censent
252 1716 420 1791 episcopum
441 1733 527 1791 posse
548 1712 731 1790 dispensare:
754 1713 806 1772 sed
819 1712 1002 1771 vehementer
1014 1723 1101 1792 negat
1114 1714 1203 1773 Bene·

114 1813 304 1895 dietusnlv.
320 1814 349 1872 id
360 1815 446 1872 licere
460 1832 588 1885 unquam
599 1812 633 1870 de
647 1811 860 1889 impedimentis
871 1813 1014 1889 publicis3
1029 1832 1119 1887 quum
1130 1813 1202 1872 haud

113 1914 176 1973 sine
201 1913 359 1972 Pontificiae
385 1913 555 1972 auctoritatis
588 1911 737 1990 dispendio
769 1914 922 1970 auctoritas
955 1911 1143 1989 dispensandi
1167 1914 1200 1970 ab

114 2013 246 2072 inferiore
267 2013 387 2089 presule
406 2002 614 2090 usurparetur.²
654 2012 712 2078 Qui
731 2013 853 2070 scienter
878 2011 1060 2080 contrahunt,
1087 2011 1203 2089 impedi·

116 2120 213 2172 mento
226 2111 398 2199 posthabito,
420 2129 471 2186 spe
489 2111 708 2186 dispensationis
729 2109 842 2179 cadunt,
863 2121 1036 2188 quapropter
1049 2112 1200 2188 episcopus

116 2211 215 2282 nequit
228 2208 392 2286 dispensare
405 2227 469 2266 cum
493 2209 534 2265 eis
557 2226 594 2265 ex
616 2219 791 2287 praesumpta
810 2209 959 2268 Pontificis
981 2209 1143 2278 voluntate;
1163 2228 1203 2269 re·

115 2316 223 2385 pugnat
242 2308 318 2364 enirn
339 2324 431 2363 canon
453 2305 650 2374 Tridentinus,
672 2327 729 2380 quo
749 2327 816 2385 spes
836 2307 1058 2386 dispensationis
1079 2310 1202 2368 aufertur

114 2407 239 2465 scienter
257 2405 485 2463 contrahentibus
506 2405 715 2463 matrimonium
736 2407 765 2465 in
779 2407 867 2484 gradu
882 2407 1042 2484 prohibito:
1065 2409 1128 2466 “Si
1141 2409 1203 2481 quis

115 2509 187 2566 intra
206 2504 310 2581 gradus
324 2503 482 2579 prohibitos
506 2504 628 2562 scienter
641 2505 851 2564 matrimonium
867 2507 1033 2564 contrahere
1048 2525 1205 2584 praesump-

115 2606 192 2672 serit,
215 2614 369 2680 separetur,
385 2612 413 2661 et
433 2623 485 2680 spe
500 2603 722 2679 dispensationis
742 2605 952 2678 consequenda
967 2616 1062 2663 careat
1076 2647 1083 2663 .
1099 2648 1106 2662 .
1123 2648 1131 2664 .
1146 2626 1206 2664 non

115 2705 192 2763 enim
207 2704 309 2780 dignus
330 2713 374 2760 est
394 2703 443 2776 qui
463 2702 604 2760 Ecclesia
624 2703 825 2780 benignitatem
838 2704 920 2762 facile
934 2706 1108 2780 experiatur,
1123 2707 1204 2783 cujus

116 2803 237 2861 salubria
251 2811 392 2880 praecepta
406 2813 511 2859 temere
526 2797 745 2877 contempsit.”³

153 2904 223 2958 214.
236 2902 270 2959 ln
279 2900 488 2977 impedimentis
497 2901 717 2978 impedientibus
725 2900 1032 2980 dispensantepiscopi
1043 2922 1080 2960 ex
1088 2921 1201 2961 consue·

115 2999 222 3068 tudine,
232 3000 359 3076 exceptis
377 3000 449 3056 votis
460 3000 595 3056 castitatis
605 3010 750 3075 perpetuae
762 3011 790 3056 et
800 3000 977 3076 ingrediendi
985 3003 1162 3079 religionem,
1172 3002 1198 3058 in

107 3100 209 3174 qnibus
218 3101 303 3158 etiarn
313 3099 443 3175 episcopi
453 3098 553 3157 harum
567 3099 715 3173 regionum
729 3117 766 3156 ex
774 3100 891 3176 speciali
904 3101 1015 3159 indulto
1029 3101 1191 3177 dispensare

111 3198 216 3256 valent.
258 3200 292 3257 ln
315 3199 510 3257 hereticorum
531 3217 595 3255 cum
616 3198 764 3256 catholicis
784 3200 890 3274 nuptiis
909 3202 994 3257 etiarn
1014 3209 1152 3259 nostrates
1165 3217 1195 3256 ex

111 3295 210 3355 eadem
224 3296 340 3372 speciali
354 3298 436 3354 venia
449 3297 625 3372 dispensant,
640 3297 850 3355 conditionibus
868 3307 962 3356 tamen
975 3300 1134 3374 appositis:
1148 3317 1193 3357 nec

113 3396 190 3451 enim
204 3393 285 3451 aliter
296 3388 389 3449 licet.⁴
429 3394 520 3451 Datur
533 3395 651 3453 facultas
672 3396 772 3453 eodem
792 3395 902 3454 indulto
916 3397 1105 3474 dispensandi
1118 3413 1194 3474 super

113 3493 196 3550 tertio
209 3502 236 3547 et
249 3499 348 3563 quarto
361 3494 612 3567 consanguinitatis
626 3505 655 3551 et
667 3495 811 3552 affinitatis
831 3495 919 3572 gradu
934 3497 1060 3573 simplici
1074 3509 1103 3555 et
1114 3499 1193 3555 mixto

111 3602 229 3657 tantum,
251 3600 279 3647 et
301 3591 330 3647 in
354 3589 490 3658 secundo,
512 3593 604 3658 tertio,
626 3603 654 3650 et
674 3604 773 3665 quarto
788 3595 896 3662 mixtis,
911 3596 983 3652 etin
997 3596 1126 3654 secundo
1139 3593 1191 3654 solo

113 3689 206 3762 quoad
221 3690 360 3767 praeterita
374 3689 552 3749 matrimonia
571 3710 636 3748 curn
657 3693 804 3750 conversis
825 3693 859 3751 ad
880 3693 986 3762 tidem3
1008 3706 1038 3752 et
1052 3697 1136 3754 etiam
1149 3708 1192 3771 pro

111 3792 260 3867 sexaginta
273 3790 384 3847 casibus
399 3808 484 3864 super
497 3789 634 3860 secundo,
649 3791 806 3850 dummodo
820 3792 898 3851 nullo
912 3792 1000 3852 modo
1015 3794 1133 3871 attingat
1144 3791 1191 3870 pri·

110 3907 188 3947 mum
202 3909 209 3946 :
230 3890 306 3947 sicut
324 3889 409 3946 etiam
423 3907 475 3964 pro
489 3889 604 3948 totidem
619 3891 730 3948 casibus
743 3909 832 3968 super
845 3892 940 3969 primo
954 3891 1099 3952 affinitatis
1113 3887 1191 3970 gradu

379 4063 422 4127 (l)
442 4061 468 4108 S.
480 4061 554 4125 Alph.
566 4062 582 4110 1.
593 4062 625 4110 vi.
637 4078 662 4110 n.
678 4064 750 4111 1120.

378 4147 420 4210 (2)
439 4143 478 4193 De
488 4146 548 4207 Sym
561 4145 629 4194 dimo
640 4146 656 4195 l.
665 4145 706 4194 vii.
715 4162 736 4194 c.
748 4160 810 4194 xxx.
822 4150 847 4194 et
856 4145 924 4196 xxxi

376 4229 418 4292 (3)
438 4228 502 4276 Sess.
514 4229 581 4276 xxiv.
593 4245 645 4292 cap.
656 4245 680 4277 v.

381 4313 423 4379 (4)
443 4311 552 4362 Carriere
562 4313 592 4362 de
603 4320 660 4363 mat.
672 4319 688 4362 t
700 4313 725 4364 it
737 4329 762 4363 n.
775 4317 834 4364 ⁷58.
