<?xml version="1.0" encoding="UTF-8"?>
<!DOCTYPE html PUBLIC "-//W3C//DTD XHTML 1.0 Transitional//EN"
    "http://www.w3.org/TR/xhtml1/DTD/xhtml1-transitional.dtd">
<html xmlns="http://www.w3.org/1999/xhtml" xml:lang="en" lang="en">
 <head>
  <title>
</title>
<meta http-equiv="Content-Type" content="text/html;charset=utf-8" />
  <meta name='ocr-system' content='tesseract 3.04.00' />
  <meta name='ocr-capabilities' content='ocr_page ocr_carea ocr_par ocr_line ocrx_word'/>
</head>
<body>
  <div class='ocr_page' id='page_1' title='image "./theologiaemoral01kenrgoog_0100.png"; bbox 0 0 2640 4860; ppageno 0'>
   <div class='ocr_carea' id='block_1_1' title="bbox 292 335 1181 401">
    <p class='ocr_par' dir='ltr' id='par_1_1' title="bbox 292 335 1181 401">
     <span class='ocr_line' id='line_1_1' title="bbox 292 335 1181 401; baseline 0.003 -3"><span class='ocrx_word' id='word_1_1' title='bbox 292 338 349 398; x_wconf 87' lang='lat' dir='ltr'>DE</span> <span class='ocrx_word' id='word_1_2' title='bbox 371 335 660 398; x_wconf 78' lang='lat' dir='ltr'>EUCHARISTIA</span> <span class='ocrx_word' id='word_1_3' title='bbox 682 338 990 399; x_wconf 75' lang='lat' dir='ltr'>MlNlSTRANDA.</span> <span class='ocrx_word' id='word_1_4' title='bbox 1142 346 1181 401; x_wconf 79' lang='lat' dir='ltr'>ts</span> 
     </span>
    </p>
   </div>
   <div class='ocr_carea' id='block_1_2' title="bbox 36 505 1229 2874">
    <p class='ocr_par' dir='ltr' id='par_1_2' title="bbox 36 505 1182 2176">
     <span class='ocr_line' id='line_1_2' title="bbox 87 505 1180 584; baseline 0.004 -22"><span class='ocrx_word' id='word_1_5' title='bbox 87 515 237 581; x_wconf 90' lang='lat' dir='ltr'>reputatur</span> <span class='ocrx_word' id='word_1_6' title='bbox 250 514 356 565; x_wconf 88' lang='lat' dir='ltr'>tantum</span> <span class='ocrx_word' id='word_1_7' title='bbox 376 505 508 564; x_wconf 87' lang='lat' dir='ltr'>veniale.</span> <span class='ocrx_word' id='word_1_8' title='bbox 525 546 532 563; x_wconf 92' lang='lat'><strong>.</strong></span> <span class='ocrx_word' id='word_1_9' title='bbox 549 547 556 563; x_wconf 91' lang='lat'><strong>.</strong></span> <span class='ocrx_word' id='word_1_10' title='bbox 572 506 728 564; x_wconf 88' lang='lat' dir='ltr'>ministrare</span> <span class='ocrx_word' id='word_1_11' title='bbox 749 516 842 566; x_wconf 87' lang='lat' dir='ltr'>autem</span> <span class='ocrx_word' id='word_1_12' title='bbox 861 508 924 565; x_wconf 91' lang='lat' dir='ltr'>sine</span> <span class='ocrx_word' id='word_1_13' title='bbox 944 507 1017 564; x_wconf 89' lang='lat' dir='ltr'>stola</span> <span class='ocrx_word' id='word_1_14' title='bbox 1035 514 1064 563; x_wconf 91' lang='lat' dir='ltr'>et</span> <span class='ocrx_word' id='word_1_15' title='bbox 1082 525 1180 584; x_wconf 88' lang='lat' dir='ltr'>super·</span> 
     </span>
     <span class='ocr_line' id='line_1_3' title="bbox 88 604 1181 682; baseline 0.005 -21"><span class='ocrx_word' id='word_1_16' title='bbox 88 604 212 680; x_wconf 90' lang='lat' dir='ltr'>pelliceo</span> <span class='ocrx_word' id='word_1_17' title='bbox 227 607 417 664; x_wconf 88' lang='lat' dir='ltr'>communiter</span> <span class='ocrx_word' id='word_1_18' title='bbox 435 608 553 664; x_wconf 82' lang='lat' dir='ltr'>censent</span> <span class='ocrx_word' id='word_1_19' title='bbox 571 604 701 664; x_wconf 90' lang='lat' dir='ltr'>doctores</span> <span class='ocrx_word' id='word_1_20' title='bbox 723 623 785 663; x_wconf 86' lang='lat' dir='ltr'>esse</span> <span class='ocrx_word' id='word_1_21' title='bbox 805 607 923 665; x_wconf 76' lang='lat' dir='ltr'><strong>mortale</strong></span> <span class='ocrx_word' id='word_1_22' title='bbox 945 624 982 664; x_wconf 85' lang='lat' dir='ltr'>ex</span> <span class='ocrx_word' id='word_1_23' title='bbox 1001 623 1106 682; x_wconf 83' lang='lat' dir='ltr'>genere</span> <span class='ocrx_word' id='word_1_24' title='bbox 1126 624 1181 666; x_wconf 88' lang='lat' dir='ltr'>suo</span> 
     </span>
     <span class='ocr_line' id='line_1_4' title="bbox 91 704 1179 782; baseline 0.006 -22"><span class='ocrx_word' id='word_1_25' title='bbox 91 746 99 760; x_wconf 93' lang='lat'><strong>.</strong></span> <span class='ocrx_word' id='word_1_26' title='bbox 117 745 125 761; x_wconf 89' lang='lat'><strong>.</strong></span> <span class='ocrx_word' id='word_1_27' title='bbox 141 745 148 760; x_wconf 92' lang='lat'>.</span> <span class='ocrx_word' id='word_1_28' title='bbox 163 705 273 763; x_wconf 88' lang='lat' dir='ltr'>omissa</span> <span class='ocrx_word' id='word_1_29' title='bbox 286 715 380 764; x_wconf 92' lang='lat' dir='ltr'>tamen</span> <span class='ocrx_word' id='word_1_30' title='bbox 393 704 475 773; x_wconf 92' lang='lat' dir='ltr'>stola,</span> <span class='ocrx_word' id='word_1_31' title='bbox 491 704 560 764; x_wconf 93' lang='lat' dir='ltr'>dicit</span> <span class='ocrx_word' id='word_1_32' title='bbox 571 705 730 782; x_wconf 88' lang='lat' dir='ltr'>Roncaglia</span> <span class='ocrx_word' id='word_1_33' title='bbox 749 706 877 780; x_wconf 91' lang='lat' dir='ltr'>pluribus</span> <span class='ocrx_word' id='word_1_34' title='bbox 890 706 980 765; x_wconf 92' lang='lat' dir='ltr'>videri</span> <span class='ocrx_word' id='word_1_35' title='bbox 993 705 1087 764; x_wconf 85' lang='lat' dir='ltr'>solum</span> <span class='ocrx_word' id='word_1_36' title='bbox 1102 709 1179 766; x_wconf 87' lang='lat' dir='ltr'>veni·</span> 
     </span>
     <span class='ocr_line' id='line_1_5' title="bbox 36 794 1179 865; baseline 0.004 -6"><span class='ocrx_word' id='word_1_37' title='bbox 36 794 40 799; x_wconf 70' lang='grc'><strong>’</strong></span> <span class='ocrx_word' id='word_1_38' title='bbox 89 799 183 860; x_wconf 87' lang='lat' dir='ltr'>ale.&#39;’¹</span> <span class='ocrx_word' id='word_1_39' title='bbox 225 805 260 862; x_wconf 93' lang='lat' dir='ltr'>In</span> <span class='ocrx_word' id='word_1_40' title='bbox 279 805 448 863; x_wconf 78' lang='lat' dir='ltr'>necessitate</span> <span class='ocrx_word' id='word_1_41' title='bbox 467 805 534 863; x_wconf 91' lang='lat' dir='ltr'>licet</span> <span class='ocrx_word' id='word_1_42' title='bbox 552 803 661 862; x_wconf 90' lang='lat' dir='ltr'>deferre</span> <span class='ocrx_word' id='word_1_43' title='bbox 682 804 892 863; x_wconf 88' lang='lat' dir='ltr'>Eucharistiam</span> <span class='ocrx_word' id='word_1_44' title='bbox 913 805 948 863; x_wconf 93' lang='lat' dir='ltr'>ad</span> <span class='ocrx_word' id='word_1_45' title='bbox 970 805 1097 863; x_wconf 84' lang='lat' dir='ltr'>infirmos</span> <span class='ocrx_word' id='word_1_46' title='bbox 1117 807 1179 865; x_wconf 86' lang='lat' dir='ltr'>sine</span> 
     </span>
     <span class='ocr_line' id='line_1_6' title="bbox 89 903 1179 981; baseline 0.003 -20"><span class='ocrx_word' id='word_1_47' title='bbox 89 903 200 961; x_wconf 90' lang='lat' dir='ltr'>lumine</span> <span class='ocrx_word' id='word_1_48' title='bbox 221 912 250 961; x_wconf 89' lang='lat' dir='ltr'>et</span> <span class='ocrx_word' id='word_1_49' title='bbox 269 904 393 962; x_wconf 89' lang='lat' dir='ltr'>vestibus</span> <span class='ocrx_word' id='word_1_50' title='bbox 416 905 520 961; x_wconf 88' lang='lat' dir='ltr'>sacris:</span> <span class='ocrx_word' id='word_1_51' title='bbox 542 923 605 976; x_wconf 88' lang='lat' dir='ltr'>quae</span> <span class='ocrx_word' id='word_1_52' title='bbox 625 903 741 976; x_wconf 88' lang='lat' dir='ltr'>quidem</span> <span class='ocrx_word' id='word_1_53' title='bbox 762 903 939 963; x_wconf 81' lang='lat' dir='ltr'>consuetudo</span> <span class='ocrx_word' id='word_1_54' title='bbox 962 903 1036 981; x_wconf 92' lang='lat' dir='ltr'>apud</span> <span class='ocrx_word' id='word_1_55' title='bbox 1057 924 1110 963; x_wconf 87' lang='lat' dir='ltr'>nos</span> <span class='ocrx_word' id='word_1_56' title='bbox 1130 906 1179 965; x_wconf 93' lang='lat' dir='ltr'>ob·</span> 
     </span>
     <span class='ocr_line' id='line_1_7' title="bbox 92 1003 1179 1085; baseline 0.005 -26"><span class='ocrx_word' id='word_1_57' title='bbox 92 1003 185 1070; x_wconf 93' lang='lat' dir='ltr'>tinuit,</span> <span class='ocrx_word' id='word_1_58' title='bbox 201 1021 290 1075; x_wconf 90' lang='lat' dir='ltr'>quum</span> <span class='ocrx_word' id='word_1_59' title='bbox 304 1003 440 1062; x_wconf 89' lang='lat' dir='ltr'>intereos</span> <span class='ocrx_word' id='word_1_60' title='bbox 455 1004 504 1076; x_wconf 91' lang='lat' dir='ltr'>qui</span> <span class='ocrx_word' id='word_1_61' title='bbox 518 1003 630 1061; x_wconf 89' lang='lat' dir='ltr'>alienia</span> <span class='ocrx_word' id='word_1_62' title='bbox 643 1003 699 1061; x_wconf 87' lang='lat' dir='ltr'>fide</span> <span class='ocrx_word' id='word_1_63' title='bbox 713 1012 788 1071; x_wconf 89' lang='lat' dir='ltr'>sunt,</span> <span class='ocrx_word' id='word_1_64' title='bbox 803 1022 966 1063; x_wconf 86' lang='lat' dir='ltr'>versemur:</span> <span class='ocrx_word' id='word_1_65' title='bbox 982 1012 1009 1061; x_wconf 89' lang='lat' dir='ltr'>at</span> <span class='ocrx_word' id='word_1_66' title='bbox 1018 1015 1179 1085; x_wconf 68' lang='lat' dir='ltr'>renerenter</span> 
     </span>
     <span class='ocr_line' id='line_1_8' title="bbox 92 1100 1177 1180; baseline 0.006 -22"><span class='ocrx_word' id='word_1_67' title='bbox 92 1100 247 1160; x_wconf 88' lang='lat' dir='ltr'>deserenda</span> <span class='ocrx_word' id='word_1_68' title='bbox 269 1110 322 1171; x_wconf 92' lang='lat' dir='ltr'>est,</span> <span class='ocrx_word' id='word_1_69' title='bbox 343 1103 373 1161; x_wconf 93' lang='lat' dir='ltr'>in</span> <span class='ocrx_word' id='word_1_70' title='bbox 391 1103 476 1161; x_wconf 83' lang='lat' dir='ltr'>bursa</span> <span class='ocrx_word' id='word_1_71' title='bbox 496 1104 571 1160; x_wconf 90' lang='lat' dir='ltr'>eirca</span> <span class='ocrx_word' id='word_1_72' title='bbox 591 1103 696 1161; x_wconf 90' lang='lat' dir='ltr'>collum</span> <span class='ocrx_word' id='word_1_73' title='bbox 719 1103 858 1179; x_wconf 85' lang='lat' dir='ltr'>pendente</span> <span class='ocrx_word' id='word_1_74' title='bbox 879 1102 914 1160; x_wconf 91' lang='lat' dir='ltr'>ad</span> <span class='ocrx_word' id='word_1_75' title='bbox 933 1112 1042 1180; x_wconf 88' lang='lat' dir='ltr'>pectus,</span> <span class='ocrx_word' id='word_1_76' title='bbox 1056 1116 1177 1173; x_wconf 87' lang='lat' dir='ltr'>servato,</span> 
     </span>
     <span class='ocr_line' id='line_1_9' title="bbox 92 1200 1177 1281; baseline 0.004 -23"><span class='ocrx_word' id='word_1_77' title='bbox 92 1212 232 1274; x_wconf 90' lang='lat' dir='ltr'>qnatenus</span> <span class='ocrx_word' id='word_1_78' title='bbox 244 1201 306 1259; x_wconf 88' lang='lat' dir='ltr'>fieri</span> <span class='ocrx_word' id='word_1_79' title='bbox 319 1204 420 1278; x_wconf 83' lang='lat' dir='ltr'>possit,</span> <span class='ocrx_word' id='word_1_80' title='bbox 434 1202 565 1260; x_wconf 89' lang='lat' dir='ltr'>silentio:</span> <span class='ocrx_word' id='word_1_81' title='bbox 587 1200 681 1260; x_wconf 88' lang='lat' dir='ltr'>sedin</span> <span class='ocrx_word' id='word_1_82' title='bbox 695 1204 794 1261; x_wconf 90' lang='lat' dir='ltr'>itinere</span> <span class='ocrx_word' id='word_1_83' title='bbox 807 1204 977 1281; x_wconf 89' lang='lat' dir='ltr'>longinquo,</span> <span class='ocrx_word' id='word_1_84' title='bbox 991 1202 1069 1274; x_wconf 91' lang='lat' dir='ltr'>quod</span> <span class='ocrx_word' id='word_1_85' title='bbox 1082 1203 1177 1279; x_wconf 85' lang='lat' dir='ltr'>plures</span> 
     </span>
     <span class='ocr_line' id='line_1_10' title="bbox 92 1300 1179 1379; baseline 0.004 -21"><span class='ocrx_word' id='word_1_86' title='bbox 92 1300 154 1358; x_wconf 91' lang='lat' dir='ltr'>dies</span> <span class='ocrx_word' id='word_1_87' title='bbox 169 1301 268 1379; x_wconf 84' lang='lat' dir='ltr'>exigit,</span> <span class='ocrx_word' id='word_1_88' title='bbox 283 1311 312 1358; x_wconf 92' lang='lat' dir='ltr'>et</span> <span class='ocrx_word' id='word_1_89' title='bbox 324 1303 372 1359; x_wconf 93' lang='lat' dir='ltr'>ubi</span> <span class='ocrx_word' id='word_1_90' title='bbox 385 1313 536 1360; x_wconf 90' lang='lat' dir='ltr'>occurrunt</span> <span class='ocrx_word' id='word_1_91' title='bbox 554 1302 631 1360; x_wconf 87' lang='lat' dir='ltr'>obvii</span> <span class='ocrx_word' id='word_1_92' title='bbox 645 1302 781 1378; x_wconf 87' lang='lat' dir='ltr'>quipiam,</span> <span class='ocrx_word' id='word_1_93' title='bbox 797 1323 812 1360; x_wconf 91' lang='lat' dir='ltr'>a</span> <span class='ocrx_word' id='word_1_94' title='bbox 825 1303 969 1375; x_wconf 89' lang='lat' dir='ltr'>colloquio</span> <span class='ocrx_word' id='word_1_95' title='bbox 982 1302 1117 1360; x_wconf 82' lang='lat' dir='ltr'>abstineri</span> <span class='ocrx_word' id='word_1_96' title='bbox 1131 1323 1179 1362; x_wconf 90' lang='lat' dir='ltr'>ne·</span> 
     </span>
     <span class='ocr_line' id='line_1_11' title="bbox 92 1400 1181 1477; baseline 0.002 -20"><span class='ocrx_word' id='word_1_97' title='bbox 92 1400 164 1472; x_wconf 90' lang='lat' dir='ltr'>quit,</span> <span class='ocrx_word' id='word_1_98' title='bbox 173 1401 311 1474; x_wconf 78' lang='lat' dir='ltr'>‚quamvis</span> <span class='ocrx_word' id='word_1_99' title='bbox 325 1420 408 1477; x_wconf 92' lang='lat' dir='ltr'>parce</span> <span class='ocrx_word' id='word_1_100' title='bbox 422 1410 569 1473; x_wconf 79' lang='lat' dir='ltr'>cauteque,</span> <span class='ocrx_word' id='word_1_101' title='bbox 584 1409 690 1460; x_wconf 90' lang='lat' dir='ltr'>etcum</span> <span class='ocrx_word' id='word_1_102' title='bbox 704 1402 824 1460; x_wconf 88' lang='lat' dir='ltr'>utilitate</span> <span class='ocrx_word' id='word_1_103' title='bbox 839 1403 1021 1470; x_wconf 88' lang='lat' dir='ltr'>audientium,</span> <span class='ocrx_word' id='word_1_104' title='bbox 1036 1420 1131 1461; x_wconf 88' lang='lat' dir='ltr'>sermo</span> <span class='ocrx_word' id='word_1_105' title='bbox 1144 1403 1181 1461; x_wconf 91' lang='lat' dir='ltr'>sit</span> 
     </span>
     <span class='ocr_line' id='line_1_12' title="bbox 90 1499 1178 1579; baseline 0.004 -23"><span class='ocrx_word' id='word_1_106' title='bbox 90 1499 251 1558; x_wconf 90' lang='lat' dir='ltr'>habendus.</span> <span class='ocrx_word' id='word_1_107' title='bbox 294 1501 327 1559; x_wconf 92' lang='lat' dir='ltr'>ln</span> <span class='ocrx_word' id='word_1_108' title='bbox 341 1520 375 1558; x_wconf 93' lang='lat' dir='ltr'>ea</span> <span class='ocrx_word' id='word_1_109' title='bbox 388 1500 574 1561; x_wconf 77' lang='lat' dir='ltr'>ministranda</span> <span class='ocrx_word' id='word_1_110' title='bbox 586 1501 659 1558; x_wconf 89' lang='lat' dir='ltr'>stola</span> <span class='ocrx_word' id='word_1_111' title='bbox 672 1502 783 1570; x_wconf 85' lang='lat' dir='ltr'>saltem,</span> <span class='ocrx_word' id='word_1_112' title='bbox 798 1506 850 1561; x_wconf 89' lang='lat' dir='ltr'>sub</span> <span class='ocrx_word' id='word_1_113' title='bbox 864 1503 943 1579; x_wconf 79' lang='lat' dir='ltr'>gravi</span> <span class='ocrx_word' id='word_1_114' title='bbox 957 1511 1083 1578; x_wconf 89' lang='lat' dir='ltr'>peccate,</span> <span class='ocrx_word' id='word_1_115' title='bbox 1099 1502 1178 1561; x_wconf 93' lang='lat' dir='ltr'>adhi-</span> 
     </span>
     <span class='ocr_line' id='line_1_13' title="bbox 91 1598 1180 1677; baseline 0.004 -21"><span class='ocrx_word' id='word_1_116' title='bbox 91 1598 184 1657; x_wconf 90' lang='lat' dir='ltr'>benda</span> <span class='ocrx_word' id='word_1_117' title='bbox 197 1611 257 1669; x_wconf 90' lang='lat' dir='ltr'>est;</span> <span class='ocrx_word' id='word_1_118' title='bbox 279 1599 328 1657; x_wconf 92' lang='lat' dir='ltr'>sed</span> <span class='ocrx_word' id='word_1_119' title='bbox 342 1611 370 1658; x_wconf 91' lang='lat' dir='ltr'>et</span> <span class='ocrx_word' id='word_1_120' title='bbox 382 1598 538 1659; x_wconf 79' lang='lat' dir='ltr'>curandum</span> <span class='ocrx_word' id='word_1_121' title='bbox 558 1609 590 1657; x_wconf 94' lang='lat' dir='ltr'>ut</span> <span class='ocrx_word' id='word_1_122' title='bbox 608 1601 845 1677; x_wconf 86' lang='lat' dir='ltr'>superpelliceum</span> <span class='ocrx_word' id='word_1_123' title='bbox 867 1602 982 1661; x_wconf 89' lang='lat' dir='ltr'>indutus</span> <span class='ocrx_word' id='word_1_124' title='bbox 1002 1620 1065 1659; x_wconf 88' lang='lat' dir='ltr'>earn</span> <span class='ocrx_word' id='word_1_125' title='bbox 1083 1603 1180 1660; x_wconf 90' lang='lat' dir='ltr'>minis·</span> 
     </span>
     <span class='ocr_line' id='line_1_14' title="bbox 91 1700 1179 1779; baseline 0.005 -24"><span class='ocrx_word' id='word_1_126' title='bbox 91 1709 156 1767; x_wconf 90' lang='lat' dir='ltr'>tret,</span> <span class='ocrx_word' id='word_1_127' title='bbox 179 1700 265 1776; x_wconf 84' lang='lat' dir='ltr'>juxta</span> <span class='ocrx_word' id='word_1_128' title='bbox 286 1700 503 1759; x_wconf 83' lang='lat' dir='ltr'>Baltimorensir</span> <span class='ocrx_word' id='word_1_129' title='bbox 531 1701 646 1758; x_wconf 91' lang='lat' dir='ltr'>concilii</span> <span class='ocrx_word' id='word_1_130' title='bbox 673 1701 756 1775; x_wconf 87' lang='lat' dir='ltr'>primi</span> <span class='ocrx_word' id='word_1_131' title='bbox 784 1702 932 1769; x_wconf 90' lang='lat' dir='ltr'>monitum,</span> <span class='ocrx_word' id='word_1_132' title='bbox 961 1701 1037 1773; x_wconf 93' lang='lat' dir='ltr'>quod</span> <span class='ocrx_word' id='word_1_133' title='bbox 1064 1721 1179 1779; x_wconf 88' lang='lat' dir='ltr'>gravem</span> 
     </span>
     <span class='ocr_line' id='line_1_15' title="bbox 89 1797 1180 1878; baseline 0.003 -22"><span class='ocrx_word' id='word_1_134' title='bbox 89 1798 293 1875; x_wconf 86' lang='lat' dir='ltr'>obligationem</span> <span class='ocrx_word' id='word_1_135' title='bbox 307 1819 363 1859; x_wconf 92' lang='lat' dir='ltr'>non</span> <span class='ocrx_word' id='word_1_136' title='bbox 377 1799 495 1868; x_wconf 87' lang='lat' dir='ltr'>inducit,</span> <span class='ocrx_word' id='word_1_137' title='bbox 516 1799 565 1857; x_wconf 91' lang='lat' dir='ltr'>sed</span> <span class='ocrx_word' id='word_1_138' title='bbox 586 1797 711 1857; x_wconf 91' lang='lat' dir='ltr'>studium</span> <span class='ocrx_word' id='word_1_139' title='bbox 731 1800 911 1859; x_wconf 88' lang='lat' dir='ltr'>commendat</span> <span class='ocrx_word' id='word_1_140' title='bbox 923 1799 1081 1877; x_wconf 76' lang='lat' dir='ltr'>discipline</span> <span class='ocrx_word' id='word_1_141' title='bbox 1095 1820 1180 1878; x_wconf 91' lang='lat' dir='ltr'>gene·</span> 
     </span>
     <span class='ocr_line' id='line_1_16' title="bbox 90 1898 1180 1977; baseline 0.003 -22"><span class='ocrx_word' id='word_1_142' title='bbox 90 1898 170 1956; x_wconf 90' lang='lat' dir='ltr'>ralis.</span> <span class='ocrx_word' id='word_1_143' title='bbox 221 1900 255 1957; x_wconf 86' lang='lat' dir='ltr'>Si</span> <span class='ocrx_word' id='word_1_144' title='bbox 268 1901 417 1977; x_wconf 89' lang='lat' dir='ltr'>contigerit</span> <span class='ocrx_word' id='word_1_145' title='bbox 428 1900 529 1958; x_wconf 90' lang='lat' dir='ltr'>stolam</span> <span class='ocrx_word' id='word_1_146' title='bbox 543 1899 621 1957; x_wconf 90' lang='lat' dir='ltr'>domi</span> <span class='ocrx_word' id='word_1_147' title='bbox 635 1917 672 1956; x_wconf 89' lang='lat' dir='ltr'>ex</span> <span class='ocrx_word' id='word_1_148' title='bbox 685 1898 827 1957; x_wconf 91' lang='lat' dir='ltr'>oblivione</span> <span class='ocrx_word' id='word_1_149' title='bbox 838 1900 973 1966; x_wconf 89' lang='lat' dir='ltr'>relictam,</span> <span class='ocrx_word' id='word_1_150' title='bbox 984 1900 1030 1957; x_wconf 89' lang='lat' dir='ltr'>vel</span> <span class='ocrx_word' id='word_1_151' title='bbox 1041 1901 1070 1958; x_wconf 92' lang='lat' dir='ltr'>in</span> <span class='ocrx_word' id='word_1_152' title='bbox 1081 1901 1180 1958; x_wconf 90' lang='lat' dir='ltr'>itinere</span> 
     </span>
     <span class='ocr_line' id='line_1_17' title="bbox 91 1997 1182 2067; baseline 0.003 -13"><span class='ocrx_word' id='word_1_153' title='bbox 91 1998 230 2056; x_wconf 88' lang='lat' dir='ltr'>amissam</span> <span class='ocrx_word' id='word_1_154' title='bbox 259 2017 333 2067; x_wconf 89' lang='lat' dir='ltr'>esse,</span> <span class='ocrx_word' id='word_1_155' title='bbox 360 2001 515 2058; x_wconf 83' lang='lat' dir='ltr'>necessitas</span> <span class='ocrx_word' id='word_1_156' title='bbox 535 1998 698 2056; x_wconf 91' lang='lat' dir='ltr'>moribundi</span> <span class='ocrx_word' id='word_1_157' title='bbox 719 1997 829 2056; x_wconf 87' lang='lat' dir='ltr'>videtur</span> <span class='ocrx_word' id='word_1_158' title='bbox 849 2016 984 2057; x_wconf 81' lang='lat' dir='ltr'>excusare</span> <span class='ocrx_word' id='word_1_159' title='bbox 1006 1998 1182 2059; x_wconf 82' lang='lat' dir='ltr'>sacerdotem</span> 
     </span>
     <span class='ocr_line' id='line_1_18' title="bbox 90 2097 1080 2176; baseline 0.002 -22"><span class='ocrx_word' id='word_1_160' title='bbox 90 2098 268 2173; x_wconf 84' lang='lat' dir='ltr'>praebentem</span> <span class='ocrx_word' id='word_1_161' title='bbox 280 2100 424 2168; x_wconf 87' lang='lat' dir='ltr'>viaticum,</span> <span class='ocrx_word' id='word_1_162' title='bbox 439 2099 596 2176; x_wconf 83' lang='lat' dir='ltr'>praesertim</span> <span class='ocrx_word' id='word_1_163' title='bbox 610 2099 636 2156; x_wconf 87' lang='lat' dir='ltr'>&#39;si</span> <span class='ocrx_word' id='word_1_164' title='bbox 649 2099 891 2176; x_wconf 88' lang='lat' dir='ltr'>superpelliceum</span> <span class='ocrx_word' id='word_1_165' title='bbox 906 2097 1080 2156; x_wconf 88' lang='lat' dir='ltr'>adhibeatur.</span> 
     </span>
    </p>

    <p class='ocr_par' dir='ltr' id='par_1_3' title="bbox 90 2196 1229 2769">
     <span class='ocr_line' id='line_1_19' title="bbox 133 2196 1229 2275; baseline 0 -20"><span class='ocrx_word' id='word_1_166' title='bbox 133 2202 183 2256; x_wconf 81' lang='lat'>27.</span> <span class='ocrx_word' id='word_1_167' title='bbox 207 2196 380 2273; x_wconf 85' lang='lat' dir='ltr'>Plerumque</span> <span class='ocrx_word' id='word_1_168' title='bbox 403 2218 461 2258; x_wconf 92' lang='lat' dir='ltr'>non</span> <span class='ocrx_word' id='word_1_169' title='bbox 483 2199 550 2256; x_wconf 92' lang='lat' dir='ltr'>licet</span> <span class='ocrx_word' id='word_1_170' title='bbox 568 2197 707 2257; x_wconf 87' lang='lat' dir='ltr'>sacerdoti</span> <span class='ocrx_word' id='word_1_171' title='bbox 729 2197 868 2274; x_wconf 86' lang='lat' dir='ltr'>pyxidem</span> <span class='ocrx_word' id='word_1_172' title='bbox 888 2217 1000 2258; x_wconf 88' lang='lat' dir='ltr'>sacrum</span> <span class='ocrx_word' id='word_1_173' title='bbox 1020 2200 1113 2275; x_wconf 86' lang='lat' dir='ltr'>palam</span> <span class='ocrx_word' id='word_1_174' title='bbox 1134 2197 1182 2256; x_wconf 90' lang='lat' dir='ltr'>de·</span> <span class='ocrx_word' id='word_1_175' title='bbox 1223 2256 1229 2267; x_wconf 74' lang='grc'><strong>,</strong></span> 
     </span>
     <span class='ocr_line' id='line_1_20' title="bbox 90 2296 1181 2372; baseline 0.002 -18"><span class='ocrx_word' id='word_1_176' title='bbox 90 2297 194 2355; x_wconf 88' lang='lat' dir='ltr'>serenti</span> <span class='ocrx_word' id='word_1_177' title='bbox 209 2316 333 2366; x_wconf 89' lang='lat' dir='ltr'>currere,</span> <span class='ocrx_word' id='word_1_178' title='bbox 353 2299 400 2357; x_wconf 84' lang='lat' dir='ltr'>vel</span> <span class='ocrx_word' id='word_1_179' title='bbox 414 2316 489 2372; x_wconf 88' lang='lat' dir='ltr'>equo</span> <span class='ocrx_word' id='word_1_180' title='bbox 509 2297 586 2366; x_wconf 93' lang='lat' dir='ltr'>vehi,</span> <span class='ocrx_word' id='word_1_181' title='bbox 608 2317 696 2370; x_wconf 90' lang='lat' dir='ltr'>quum</span> <span class='ocrx_word' id='word_1_182' title='bbox 717 2296 746 2356; x_wconf 92' lang='lat' dir='ltr'>id</span> <span class='ocrx_word' id='word_1_183' title='bbox 766 2298 814 2356; x_wconf 87' lang='lat' dir='ltr'>vix</span> <span class='ocrx_word' id='word_1_184' title='bbox 834 2299 984 2371; x_wconf 22' lang='lat' dir='ltr'>fiat-salva</span> <span class='ocrx_word' id='word_1_185' title='bbox 1004 2308 1181 2357; x_wconf 90' lang='lat' dir='ltr'>sacramento</span> 
     </span>
     <span class='ocr_line' id='line_1_21' title="bbox 90 2397 1178 2474; baseline 0 -20"><span class='ocrx_word' id='word_1_186' title='bbox 90 2399 269 2466; x_wconf 89' lang='lat' dir='ltr'>reverentia;</span> <span class='ocrx_word' id='word_1_187' title='bbox 298 2397 348 2455; x_wconf 89' lang='lat' dir='ltr'>sed</span> <span class='ocrx_word' id='word_1_188' title='bbox 373 2418 410 2457; x_wconf 86' lang='lat' dir='ltr'>ex</span> <span class='ocrx_word' id='word_1_189' title='bbox 435 2398 602 2455; x_wconf 87' lang='lat' dir='ltr'>necessitate</span> <span class='ocrx_word' id='word_1_190' title='bbox 628 2407 778 2469; x_wconf 91' lang='lat' dir='ltr'>utrumque</span> <span class='ocrx_word' id='word_1_191' title='bbox 812 2397 965 2470; x_wconf 87' lang='lat' dir='ltr'>aliquando</span> <span class='ocrx_word' id='word_1_192' title='bbox 992 2399 1178 2474; x_wconf 90' lang='lat' dir='ltr'>permittitur:</span> 
     </span>
     <span class='ocr_line' id='line_1_22' title="bbox 91 2494 1181 2575; baseline -0.001 -22"><span class='ocrx_word' id='word_1_193' title='bbox 91 2494 170 2569; x_wconf 92' lang='lat' dir='ltr'>quod</span> <span class='ocrx_word' id='word_1_194' title='bbox 184 2515 220 2555; x_wconf 91' lang='lat' dir='ltr'>eo</span> <span class='ocrx_word' id='word_1_195' title='bbox 233 2499 325 2575; x_wconf 92' lang='lat' dir='ltr'>magis</span> <span class='ocrx_word' id='word_1_196' title='bbox 339 2497 491 2556; x_wconf 90' lang='lat' dir='ltr'>dicendum</span> <span class='ocrx_word' id='word_1_197' title='bbox 506 2497 542 2556; x_wconf 92' lang='lat' dir='ltr'>de</span> <span class='ocrx_word' id='word_1_198' title='bbox 555 2497 742 2555; x_wconf 88' lang='lat' dir='ltr'>missionariis</span> <span class='ocrx_word' id='word_1_199' title='bbox 756 2494 826 2553; x_wconf 92' lang='lat' dir='ltr'>illud</span> <span class='ocrx_word' id='word_1_200' title='bbox 836 2497 969 2572; x_wconf 87' lang='lat' dir='ltr'>privatim</span> <span class='ocrx_word' id='word_1_201' title='bbox 979 2495 1181 2564; x_wconf 89' lang='lat' dir='ltr'>deserentibus,</span> 
     </span>
     <span class='ocr_line' id='line_1_23' title="bbox 90 2593 1183 2673; baseline -0.002 -20"><span class='ocrx_word' id='word_1_202' title='bbox 90 2606 176 2672; x_wconf 92' lang='lat' dir='ltr'>prout</span> <span class='ocrx_word' id='word_1_203' title='bbox 202 2597 279 2673; x_wconf 92' lang='lat' dir='ltr'>apud</span> <span class='ocrx_word' id='word_1_204' title='bbox 306 2616 369 2655; x_wconf 89' lang='lat' dir='ltr'>nos.</span> <span class='ocrx_word' id='word_1_205' title='bbox 412 2598 570 2671; x_wconf 88' lang='lat' dir='ltr'>Nunquam</span> <span class='ocrx_word' id='word_1_206' title='bbox 596 2595 781 2654; x_wconf 82' lang='lat' dir='ltr'>deferendum</span> <span class='ocrx_word' id='word_1_207' title='bbox 805 2593 903 2652; x_wconf 88' lang='lat' dir='ltr'>estad</span> <span class='ocrx_word' id='word_1_208' title='bbox 929 2605 1049 2670; x_wconf 74' lang='lat' dir='ltr'>egrotos</span> <span class='ocrx_word' id='word_1_209' title='bbox 1069 2612 1183 2652; x_wconf 87' lang='lat' dir='ltr'>venera·</span> 
     </span>
     <span class='ocr_line' id='line_1_24' title="bbox 91 2690 998 2769; baseline -0.003 -17"><span class='ocrx_word' id='word_1_210' title='bbox 91 2694 178 2753; x_wconf 88' lang='lat' dir='ltr'>tionis</span> <span class='ocrx_word' id='word_1_211' title='bbox 191 2715 288 2765; x_wconf 85' lang='lat' dir='ltr'>causa,</span> <span class='ocrx_word' id='word_1_212' title='bbox 302 2696 354 2755; x_wconf 89' lang='lat' dir='ltr'>sed</span> <span class='ocrx_word' id='word_1_213' title='bbox 368 2690 475 2755; x_wconf 89' lang='lat' dir='ltr'>tantum</span> <span class='ocrx_word' id='word_1_214' title='bbox 490 2696 524 2754; x_wconf 88' lang='lat' dir='ltr'>ad</span> <span class='ocrx_word' id='word_1_215' title='bbox 539 2715 589 2754; x_wconf 89' lang='lat' dir='ltr'>eos</span> <span class='ocrx_word' id='word_1_216' title='bbox 603 2696 652 2768; x_wconf 91' lang='lat' dir='ltr'>qui</span> <span class='ocrx_word' id='word_1_217' title='bbox 666 2693 735 2753; x_wconf 91' lang='lat' dir='ltr'>illud</span> <span class='ocrx_word' id='word_1_218' title='bbox 748 2695 909 2769; x_wconf 87' lang='lat' dir='ltr'>suscepturi</span> <span class='ocrx_word' id='word_1_219' title='bbox 923 2703 998 2750; x_wconf 88' lang='lat' dir='ltr'>sunt.</span> 
     </span>
    </p>

    <p class='ocr_par' dir='ltr' id='par_1_4' title="bbox 132 2792 1184 2874">
     <span class='ocr_line' id='line_1_25' title="bbox 132 2792 1184 2874; baseline -0.002 -23"><span class='ocrx_word' id='word_1_220' title='bbox 132 2799 182 2852; x_wconf 82' lang='lat'>28.</span> <span class='ocrx_word' id='word_1_221' title='bbox 206 2796 300 2854; x_wconf 85' lang='lat' dir='ltr'>Extra</span> <span class='ocrx_word' id='word_1_222' title='bbox 313 2798 411 2855; x_wconf 89' lang='lat' dir='ltr'>mortis</span> <span class='ocrx_word' id='word_1_223' title='bbox 425 2797 581 2874; x_wconf 90' lang='lat' dir='ltr'>periculum</span> <span class='ocrx_word' id='word_1_224' title='bbox 604 2795 639 2852; x_wconf 93' lang='lat' dir='ltr'>ad</span> <span class='ocrx_word' id='word_1_225' title='bbox 660 2804 790 2871; x_wconf 83' lang='lat' dir='ltr'>aegrotos,</span> <span class='ocrx_word' id='word_1_226' title='bbox 811 2792 855 2850; x_wconf 87' lang='lat' dir='ltr'>vel</span> <span class='ocrx_word' id='word_1_227' title='bbox 876 2792 1035 2851; x_wconf 85' lang='lat' dir='ltr'>infirmitate</span> <span class='ocrx_word' id='word_1_228' title='bbox 1054 2792 1184 2851; x_wconf 80' lang='lat' dir='ltr'>laborari·</span> 
     </span>
    </p>
   </div>
   <div class='ocr_carea' id='block_1_3' title="bbox 94 2890 1275 2970">
    <p class='ocr_par' dir='ltr' id='par_1_5' title="bbox 94 2890 1275 2970">
     <span class='ocr_line' id='line_1_26' title="bbox 94 2890 1275 2970; baseline -0.003 -20"><span class='ocrx_word' id='word_1_229' title='bbox 94 2904 145 2962; x_wconf 89' lang='lat' dir='ltr'>tes‚</span> <span class='ocrx_word' id='word_1_230' title='bbox 167 2894 351 2954; x_wconf 88' lang='lat' dir='ltr'>Eucharistia</span> <span class='ocrx_word' id='word_1_231' title='bbox 370 2895 523 2955; x_wconf 85' lang='lat' dir='ltr'>deferenda</span> <span class='ocrx_word' id='word_1_232' title='bbox 542 2904 586 2952; x_wconf 92' lang='lat' dir='ltr'>est</span> <span class='ocrx_word' id='word_1_233' title='bbox 605 2904 731 2970; x_wconf 89' lang='lat' dir='ltr'>tempore</span> <span class='ocrx_word' id='word_1_234' title='bbox 751 2892 886 2969; x_wconf 88' lang='lat' dir='ltr'>paschali,</span> <span class='ocrx_word' id='word_1_235' title='bbox 908 2890 1022 2965; x_wconf 91' lang='lat' dir='ltr'>quando</span> <span class='ocrx_word' id='word_1_236' title='bbox 1040 2901 1183 2968; x_wconf 72' lang='lat' dir='ltr'>praecepto</span> <span class='ocrx_word' id='word_1_237' title='bbox 1273 2964 1275 2968; x_wconf 11' lang='grc' dir='ltr'><em>Α</em></span> 
     </span>
    </p>
   </div>
   <div class='ocr_carea' id='block_1_4' title="bbox 63 2991 1190 4063">
    <p class='ocr_par' dir='ltr' id='par_1_6' title="bbox 91 2991 1184 3171">
     <span class='ocr_line' id='line_1_27' title="bbox 91 2991 1184 3073; baseline -0.003 -23"><span class='ocrx_word' id='word_1_238' title='bbox 91 2995 256 3053; x_wconf 82' lang='lat' dir='ltr'>satisfacere</span> <span class='ocrx_word' id='word_1_239' title='bbox 270 2997 405 3073; x_wconf 79' lang='lat' dir='ltr'>cupiunt:</span> <span class='ocrx_word' id='word_1_240' title='bbox 426 2995 477 3054; x_wconf 91' lang='lat' dir='ltr'>sed</span> <span class='ocrx_word' id='word_1_241' title='bbox 490 3005 522 3053; x_wconf 92' lang='lat' dir='ltr'>ut</span> <span class='ocrx_word' id='word_1_242' title='bbox 533 2995 597 3053; x_wconf 89' lang='lat' dir='ltr'>aliis</span> <span class='ocrx_word' id='word_1_243' title='bbox 611 2995 786 3069; x_wconf 89' lang='lat' dir='ltr'>temporibus</span> <span class='ocrx_word' id='word_1_244' title='bbox 801 2993 867 3050; x_wconf 90' lang='lat' dir='ltr'>anni</span> <span class='ocrx_word' id='word_1_245' title='bbox 881 3011 944 3050; x_wconf 90' lang='lat' dir='ltr'>eam</span> <span class='ocrx_word' id='word_1_246' title='bbox 960 2991 1086 3068; x_wconf 82' lang='lat' dir='ltr'>praestari</span> <span class='ocrx_word' id='word_1_247' title='bbox 1100 3009 1184 3066; x_wconf 89' lang='lat' dir='ltr'>opor·</span> 
     </span>
     <span class='ocr_line' id='line_1_28' title="bbox 94 3094 443 3171; baseline 0.011 -21"><span class='ocrx_word' id='word_1_248' title='bbox 94 3103 133 3151; x_wconf 87' lang='lat' dir='ltr'>tet</span> <span class='ocrx_word' id='word_1_249' title='bbox 146 3096 193 3171; x_wconf 91' lang='lat' dir='ltr'>pie</span> <span class='ocrx_word' id='word_1_250' title='bbox 208 3094 443 3154; x_wconf 88' lang='lat' dir='ltr'>desiderantibus.</span> 
     </span>
    </p>

    <p class='ocr_par' dir='ltr' id='par_1_7' title="bbox 63 3188 1190 4063">
     <span class='ocr_line' id='line_1_29' title="bbox 133 3188 1185 3272; baseline -0.006 -20"><span class='ocrx_word' id='word_1_251' title='bbox 133 3198 183 3252; x_wconf 84' lang='lat'>29.</span> <span class='ocrx_word' id='word_1_252' title='bbox 207 3194 265 3261; x_wconf 88' lang='lat' dir='ltr'>Qui</span> <span class='ocrx_word' id='word_1_253' title='bbox 279 3195 388 3253; x_wconf 91' lang='lat' dir='ltr'>laborat</span> <span class='ocrx_word' id='word_1_254' title='bbox 401 3194 535 3272; x_wconf 89' lang='lat' dir='ltr'>podagra,</span> <span class='ocrx_word' id='word_1_255' title='bbox 550 3195 596 3252; x_wconf 89' lang='lat' dir='ltr'>vel</span> <span class='ocrx_word' id='word_1_256' title='bbox 608 3193 679 3254; x_wconf 68' lang='lat' dir='ltr'>&#39;alias</span> <span class='ocrx_word' id='word_1_257' title='bbox 694 3192 779 3250; x_wconf 88' lang='lat' dir='ltr'>habet</span> <span class='ocrx_word' id='word_1_258' title='bbox 792 3191 925 3267; x_wconf 89' lang='lat' dir='ltr'>pollicem</span> <span class='ocrx_word' id='word_1_259' title='bbox 939 3201 967 3248; x_wconf 90' lang='lat' dir='ltr'>et</span> <span class='ocrx_word' id='word_1_260' title='bbox 980 3189 1101 3248; x_wconf 88' lang='lat' dir='ltr'>indicem</span> <span class='ocrx_word' id='word_1_261' title='bbox 1117 3188 1185 3248; x_wconf 85' lang='lat' dir='ltr'>dex·</span> 
     </span>
     <span class='ocr_line' id='line_1_30' title="bbox 95 3291 1184 3372; baseline -0.002 -22"><span class='ocrx_word' id='word_1_262' title='bbox 95 3303 159 3352; x_wconf 83' lang='lat' dir='ltr'>terae</span> <span class='ocrx_word' id='word_1_263' title='bbox 173 3313 276 3353; x_wconf 90' lang='lat' dir='ltr'>manus</span> <span class='ocrx_word' id='word_1_264' title='bbox 290 3295 454 3372; x_wconf 87' lang='lat' dir='ltr'>impeditos,</span> <span class='ocrx_word' id='word_1_265' title='bbox 469 3313 527 3352; x_wconf 93' lang='lat' dir='ltr'>non</span> <span class='ocrx_word' id='word_1_266' title='bbox 540 3303 642 3370; x_wconf 90' lang='lat' dir='ltr'>potest,</span> <span class='ocrx_word' id='word_1_267' title='bbox 660 3293 743 3369; x_wconf 83' lang='lat' dir='ltr'>juxta</span> <span class='ocrx_word' id='word_1_268' title='bbox 763 3291 983 3368; x_wconf 91' lang='lat' dir='ltr'>probabiliorem</span> <span class='ocrx_word' id='word_1_269' title='bbox 1004 3291 1184 3359; x_wconf 87' lang='lat' dir='ltr'>sententiam,</span> 
     </span>
     <span class='ocr_line' id='line_1_31' title="bbox 95 3391 1185 3470; baseline -0.003 -20"><span class='ocrx_word' id='word_1_270' title='bbox 95 3393 309 3452; x_wconf 89' lang='lat' dir='ltr'>Eucharistiam</span> <span class='ocrx_word' id='word_1_271' title='bbox 323 3396 483 3453; x_wconf 88' lang='lat' dir='ltr'>ministrare</span> <span class='ocrx_word' id='word_1_272' title='bbox 498 3394 700 3470; x_wconf 88' lang='lat' dir='ltr'>posterioribus</span> <span class='ocrx_word' id='word_1_273' title='bbox 721 3391 818 3469; x_wconf 85' lang='lat' dir='ltr'>digitis</span> <span class='ocrx_word' id='word_1_274' title='bbox 833 3400 913 3448; x_wconf 85' lang='lat' dir='ltr'>extra</span> <span class='ocrx_word' id='word_1_275' title='bbox 926 3410 1024 3449; x_wconf 86' lang='lat' dir='ltr'>casum</span> <span class='ocrx_word' id='word_1_276' title='bbox 1037 3401 1185 3457; x_wconf 72' lang='lat' dir='ltr'>extrema,</span> 
     </span>
     <span class='ocr_line' id='line_1_32' title="bbox 96 3489 1187 3570; baseline -0.001 -22"><span class='ocrx_word' id='word_1_277' title='bbox 96 3493 141 3550; x_wconf 92' lang='lat' dir='ltr'>vel</span> <span class='ocrx_word' id='word_1_278' title='bbox 155 3494 332 3570; x_wconf 74' lang='lat' dir='ltr'>gravissime</span> <span class='ocrx_word' id='word_1_279' title='bbox 345 3494 532 3562; x_wconf 87' lang='lat' dir='ltr'>necessitatis,</span> <span class='ocrx_word' id='word_1_280' title='bbox 547 3511 612 3552; x_wconf 89' lang='lat' dir='ltr'>nam</span> <span class='ocrx_word' id='word_1_281' title='bbox 627 3492 725 3569; x_wconf 82' lang='lat' dir='ltr'>pollex</span> <span class='ocrx_word' id='word_1_282' title='bbox 739 3501 767 3549; x_wconf 91' lang='lat' dir='ltr'>et</span> <span class='ocrx_word' id='word_1_283' title='bbox 780 3491 867 3550; x_wconf 83' lang='lat' dir='ltr'>index</span> <span class='ocrx_word' id='word_1_284' title='bbox 879 3509 917 3550; x_wconf 86' lang='lat' dir='ltr'>ex</span> <span class='ocrx_word' id='word_1_285' title='bbox 929 3492 984 3551; x_wconf 90' lang='lat' dir='ltr'>ritu</span> <span class='ocrx_word' id='word_1_286' title='bbox 1000 3490 1138 3548; x_wconf 75' lang='lat' dir='ltr'>Ecclesia</span> <span class='ocrx_word' id='word_1_287' title='bbox 1152 3489 1187 3547; x_wconf 90' lang='lat' dir='ltr'>ad</span> 
     </span>
     <span class='ocr_line' id='line_1_33' title="bbox 97 3586 1188 3671; baseline -0.005 -22"><span class='ocrx_word' id='word_1_288' title='bbox 97 3591 127 3649; x_wconf 95' lang='lat' dir='ltr'>id</span> <span class='ocrx_word' id='word_1_289' title='bbox 140 3594 293 3651; x_wconf 89' lang='lat' dir='ltr'>ministerii</span> <span class='ocrx_word' id='word_1_290' title='bbox 304 3586 499 3671; x_wconf 78' lang='lat' dir='ltr'>deputantur.²</span> <span class='ocrx_word' id='word_1_291' title='bbox 539 3592 624 3660; x_wconf 87' lang='lat' dir='ltr'>Quod</span> <span class='ocrx_word' id='word_1_292' title='bbox 636 3593 660 3649; x_wconf 88' lang='lat' dir='ltr'>si</span> <span class='ocrx_word' id='word_1_293' title='bbox 675 3592 773 3669; x_wconf 87' lang='lat' dir='ltr'>pollex</span> <span class='ocrx_word' id='word_1_294' title='bbox 786 3590 856 3650; x_wconf 92' lang='lat' dir='ltr'>adeo</span> <span class='ocrx_word' id='word_1_295' title='bbox 870 3591 1024 3668; x_wconf 90' lang='lat' dir='ltr'>impeditus</span> <span class='ocrx_word' id='word_1_296' title='bbox 1037 3591 1083 3657; x_wconf 90' lang='lat' dir='ltr'>sit,</span> <span class='ocrx_word' id='word_1_297' title='bbox 1097 3599 1128 3647; x_wconf 92' lang='lat' dir='ltr'>ut</span> <span class='ocrx_word' id='word_1_298' title='bbox 1141 3606 1188 3646; x_wconf 92' lang='lat' dir='ltr'>ne·</span> 
     </span>
     <span class='ocr_line' id='line_1_34' title="bbox 98 3692 1187 3768; baseline -0.006 -20"><span class='ocrx_word' id='word_1_299' title='bbox 98 3703 183 3763; x_wconf 88' lang='lat' dir='ltr'>queat</span> <span class='ocrx_word' id='word_1_300' title='bbox 195 3693 330 3752; x_wconf 88' lang='lat' dir='ltr'>sacerdos</span> <span class='ocrx_word' id='word_1_301' title='bbox 345 3694 467 3752; x_wconf 84' lang='lat' dir='ltr'>hostiam</span> <span class='ocrx_word' id='word_1_302' title='bbox 477 3712 512 3751; x_wconf 93' lang='lat' dir='ltr'>eo</span> <span class='ocrx_word' id='word_1_303' title='bbox 525 3693 665 3768; x_wconf 81' lang='lat' dir='ltr'>frangere,</span> <span class='ocrx_word' id='word_1_304' title='bbox 680 3711 737 3750; x_wconf 91' lang='lat' dir='ltr'>non</span> <span class='ocrx_word' id='word_1_305' title='bbox 752 3693 856 3768; x_wconf 87' lang='lat' dir='ltr'>poterit</span> <span class='ocrx_word' id='word_1_306' title='bbox 869 3692 1026 3750; x_wconf 89' lang='lat' dir='ltr'>celebrare:</span> <span class='ocrx_word' id='word_1_307' title='bbox 1048 3706 1114 3745; x_wconf 87' lang='lat' dir='ltr'>nam</span> <span class='ocrx_word' id='word_1_308' title='bbox 1124 3705 1187 3763; x_wconf 85' lang='lat' dir='ltr'>non</span> 
     </span>
     <span class='ocr_line' id='line_1_35' title="bbox 99 3779 1110 3869; baseline -0.008 -20"><span class='ocrx_word' id='word_1_309' title='bbox 99 3793 271 3866; x_wconf 87' lang='lat' dir='ltr'>permittitur</span> <span class='ocrx_word' id='word_1_310' title='bbox 283 3794 474 3853; x_wconf 86' lang='lat' dir='ltr'>sacerdotium</span> <span class='ocrx_word' id='word_1_311' title='bbox 488 3794 515 3850; x_wconf 92' lang='lat' dir='ltr'>ei</span> <span class='ocrx_word' id='word_1_312' title='bbox 528 3793 577 3866; x_wconf 89' lang='lat' dir='ltr'>qui</span> <span class='ocrx_word' id='word_1_313' title='bbox 591 3792 694 3869; x_wconf 91' lang='lat' dir='ltr'>pollice</span> <span class='ocrx_word' id='word_1_314' title='bbox 708 3792 808 3864; x_wconf 93' lang='lat' dir='ltr'>nequit</span> <span class='ocrx_word' id='word_1_315' title='bbox 822 3790 944 3847; x_wconf 89' lang='lat' dir='ltr'>hostiam</span> <span class='ocrx_word' id='word_1_316' title='bbox 955 3779 1110 3862; x_wconf 81' lang='lat' dir='ltr'>frangere.⁸</span> 
     </span>
     <span class='ocr_line' id='line_1_36' title="bbox 63 3880 1187 3964; baseline -0.01 -15"><span class='ocrx_word' id='word_1_317' title='bbox 63 3884 67 3892; x_wconf 75' lang='grc'><strong>’</strong></span> <span class='ocrx_word' id='word_1_318' title='bbox 138 3894 187 3949; x_wconf 85' lang='grc'>30.</span> <span class='ocrx_word' id='word_1_319' title='bbox 209 3892 392 3952; x_wconf 90' lang='lat' dir='ltr'>Eucharistia</span> <span class='ocrx_word' id='word_1_320' title='bbox 405 3912 488 3951; x_wconf 92' lang='lat' dir='ltr'>manu</span> <span class='ocrx_word' id='word_1_321' title='bbox 504 3891 657 3950; x_wconf 89' lang='lat' dir='ltr'>sacerdotis</span> <span class='ocrx_word' id='word_1_322' title='bbox 678 3900 723 3949; x_wconf 90' lang='lat' dir='ltr'>est</span> <span class='ocrx_word' id='word_1_323' title='bbox 741 3891 783 3948; x_wconf 90' lang='lat' dir='ltr'>ori</span> <span class='ocrx_word' id='word_1_324' title='bbox 803 3888 987 3964; x_wconf 88' lang='lat' dir='ltr'>suscipientis</span> <span class='ocrx_word' id='word_1_325' title='bbox 1000 3880 1187 3949; x_wconf 88' lang='lat' dir='ltr'>immittenda,</span> 
     </span>
     <span class='ocr_line' id='line_1_37' title="bbox 100 3988 1190 4063; baseline -0.009 -14"><span class='ocrx_word' id='word_1_326' title='bbox 100 3991 168 4062; x_wconf 91' lang='lat' dir='ltr'>quin</span> <span class='ocrx_word' id='word_1_327' title='bbox 194 3991 414 4050; x_wconf 87' lang='lat' dir='ltr'>instrumentum</span> <span class='ocrx_word' id='word_1_328' title='bbox 435 3991 617 4050; x_wconf 89' lang='lat' dir='ltr'>adhibeatur:</span> <span class='ocrx_word' id='word_1_329' title='bbox 639 4000 772 4047; x_wconf 82' lang='lat' dir='ltr'>oaeterum</span> <span class='ocrx_word' id='word_1_330' title='bbox 792 3995 937 4063; x_wconf 87' lang='lat' dir='ltr'>grassante</span> <span class='ocrx_word' id='word_1_331' title='bbox 961 3991 1051 4061; x_wconf 90' lang='lat' dir='ltr'>peste,</span> <span class='ocrx_word' id='word_1_332' title='bbox 1072 3988 1190 4046; x_wconf 75' lang='lat' dir='ltr'>censent</span> 
     </span>
    </p>
   </div>
   <div class='ocr_carea' id='block_1_5' title="bbox 169 4203 1123 4362">
    <p class='ocr_par' dir='ltr' id='par_1_8' title="bbox 169 4203 1123 4362">
     <span class='ocr_line' id='line_1_38' title="bbox 169 4203 1123 4279; baseline -0.006 -19"><span class='ocrx_word' id='word_1_333' title='bbox 169 4212 214 4279; x_wconf 91' lang='lat'>(1)</span> <span class='ocrx_word' id='word_1_334' title='bbox 234 4211 260 4262; x_wconf 84' lang='lat' dir='ltr'>S.</span> <span class='ocrx_word' id='word_1_335' title='bbox 271 4212 346 4277; x_wconf 80' lang='lat' dir='ltr'>Alph.</span> <span class='ocrx_word' id='word_1_336' title='bbox 357 4214 373 4262; x_wconf 83' lang='lat' dir='ltr'>l.</span> <span class='ocrx_word' id='word_1_337' title='bbox 385 4213 416 4263; x_wconf 84' lang='lat' dir='ltr'>vi.</span> <span class='ocrx_word' id='word_1_338' title='bbox 428 4215 520 4264; x_wconf 70' lang='grc'>11241.</span> <span class='ocrx_word' id='word_1_339' title='bbox 775 4207 816 4271; x_wconf 77' lang='lat'>(2)</span> <span class='ocrx_word' id='word_1_340' title='bbox 837 4203 863 4252; x_wconf 83' lang='lat' dir='ltr'>S.</span> <span class='ocrx_word' id='word_1_341' title='bbox 875 4203 949 4269; x_wconf 81' lang='lat' dir='ltr'>Alph.</span> <span class='ocrx_word' id='word_1_342' title='bbox 961 4203 1053 4254; x_wconf 79' lang='lat' dir='ltr'>huin</span> <span class='ocrx_word' id='word_1_343' title='bbox 1065 4205 1123 4255; x_wconf 74' lang='lat'>244.</span> 
     </span>
     <span class='ocr_line' id='line_1_39' title="bbox 458 4287 838 4362; baseline -0.026 -17"><span class='ocrx_word' id='word_1_344' title='bbox 458 4298 501 4362; x_wconf 80' lang='lat'>(³)</span> <span class='ocrx_word' id='word_1_345' title='bbox 519 4295 578 4359; x_wconf 83' lang='lat' dir='ltr'>Cap.</span> <span class='ocrx_word' id='word_1_346' title='bbox 590 4294 634 4343; x_wconf 91' lang='lat' dir='ltr'>ult.</span> <span class='ocrx_word' id='word_1_347' title='bbox 645 4290 675 4341; x_wconf 88' lang='lat' dir='ltr'>de</span> <span class='ocrx_word' id='word_1_348' title='bbox 686 4304 750 4355; x_wconf 91' lang='lat' dir='ltr'>corp.</span> <span class='ocrx_word' id='word_1_349' title='bbox 762 4287 838 4338; x_wconf 83' lang='lat' dir='ltr'>vitiat.</span> 
     </span>
    </p>
   </div>
   <div class='ocr_carea' id='block_1_6' title="bbox 623 4390 669 4444">
    <p class='ocr_par' dir='ltr' id='par_1_9' title="bbox 623 4390 669 4444">
     <span class='ocr_line' id='line_1_40' title="bbox 623 4390 669 4444; baseline 0 -22"><span class='ocrx_word' id='word_1_350' title='bbox 623 4390 669 4444; x_wconf 64' lang='lat'>8*</span> 
     </span>
    </p>
   </div>
   <div class='ocr_carea' id='block_1_7' title="bbox 0 0 1325 4860">
    <p class='ocr_par' dir='ltr' id='par_1_10' title="bbox 0 0 1325 4860">
     <span class='ocr_line' id='line_1_41' title="bbox 0 0 1325 4860; baseline 0 0"><span class='ocrx_word' id='word_1_351' title='bbox 0 0 1325 4860; x_wconf 95' lang='lat' dir='ltr'> </span> 
     </span>
    </p>
   </div>
  </div>
 </body>
</html>
