2640 4860
201 364 207 391 -·
274 364 331 426 na:
354 332 651 426 susod'ruroun
673 360 987 428 eucharisum.
1132 376 1171 430 aa

77 530 152 592 ciale
178 519 328 609 peccatum
353 532 473 601 admitti,
500 533 689 606 frequentiore
714 536 822 592 omissa
847 536 1059 604 communione,
1088 546 1168 613 putat

78 629 201 699 Suarez,
217 650 306 704 quum
320 632 375 690 alia
387 633 445 690 sint
457 632 627 690 infirmitatis
642 632 776 690 remedia.

120 735 171 788 43.
193 731 283 790 Pueri
305 731 341 788 ad
360 731 591 790 communionem
612 729 747 789 accedere
767 741 906 800 tenentur,
934 734 1048 806 quando
1075 736 1169 793 cibum

79 830 226 887 coelestem
240 828 400 888 discernere
414 830 518 897 valent,
539 829 616 902 quod
635 831 710 887 circa
722 848 828 888 annum
842 830 985 891 decimum
1000 833 1168 909 plerumque

78 928 234 1005 contingit:
257 927 308 986 sed
321 937 495 987 excusantur
507 949 524 987 a
536 928 640 987 violato
659 939 813 1006 praecepto,
838 929 972 1003 quamdiu
993 932 1028 989 iis
1049 951 1107 992 non
1127 934 1170 991 in·

77 1027 182 1094 notuit,
194 1027 272 1100 quod
287 1045 324 1085 ex
337 1036 487 1106 parentum
499 1037 526 1085 et
539 1027 728 1103 parochorum
742 1027 836 1086 studio
850 1028 964 1105 pendet.
986 1029 1052 1088 Hos
1065 1032 1171 1090 idcirco

79 1125 177 1183 minus
190 1125 275 1184 facile
288 1124 466 1184 excusandos
486 1135 564 1184 notat
583 1126 756 1184 Benedictus
770 1127 854 1185 XIV.
870 1128 895 1184 si
908 1127 1055 1205 negligant
1066 1147 1172 1206 pueros

80 1221 183 1281 dehac
197 1225 370 1302 obligatione
383 1227 533 1292 instruere,
547 1243 654 1298 eosque
668 1225 779 1284 adeam
794 1225 967 1304 implendam
981 1226 1132 1304 disponere
1145 1235 1174 1286 et

80 1320 211 1400 urgere-¹

349 1559 374 1633 §.
386 1555 426 1618 ΙΙ.
464 1557 514 1618 Da
532 1578 635 1618 amna
656 1578 906 1621 rnmranaaroua.

78 1770 81 1775 ·
120 1749 170 1804 44.
192 1744 239 1803 Ad
269 1745 355 1823 digne
380 1746 597 1823 suscipiendum
618 1747 830 1805 Eucharistiam
853 1749 947 1807 anima
973 1749 1059 1807 debet
1083 1749 1173 1826 gratia

57 1832 63 1841 '
79 1843 277 1903 sanctificante
291 1847 384 1903 ornari
396 1865 404 1914 ;
426 1847 555 1920 probatio
569 1845 646 1903 enim
661 1847 705 1904 sui
719 1847 753 1904 ab
767 1846 908 1922 Apostolo
918 1848 1080 1919 requiritur,
1095 1859 1173 1905 ante·

79 1960 167 2016 quam
181 1944 246 2016 quis
267 1943 398 2002 accedat:
421 1945 634 2017 “Quicumque
654 1945 869 2003 manducaverit
891 1963 995 2023 panem
1015 1945 1102 2011 hunc,
1124 1945 1171 2003 vel

78 2041 184 2100 biberit
204 2043 322 2100 calicem
348 2042 467 2102 Domini
488 2044 622 2120 indigne;
653 2063 718 2102 reus
744 2044 797 2101 erit
823 2044 952 2122 corporis
973 2053 1001 2100 et
1023 2044 1172 2120 sauguinis

17 2134 214 2219 Domini.
256 2141 363 2199 Probet
376 2152 469 2200 autem
483 2144 611 2220 seipsum
625 2143 730 2212 homo;
751 2127 834 2201 etsie
849 2143 884 2201 de
898 2161 971 2218 pane
985 2143 1035 2202 illo
1049 2141 1124 2210 edat,
1145 2152 1174 2200 et

81 2214 222 2331 dscalice
235 2222 321 2298 bibat.
364 2241 421 2308 Qui
434 2241 510 2299 enim
525 2241 677 2300 manducat
695 2252 722 2299 et
741 2243 810 2299 bibit
823 2241 949 2319 indigne,
961 2242 1101 2319 judicium
1117 2241 1173 2300 sibi

78 2310 244 2406 niindncat,
258 2347 286 2396 et
298 2339 383 2398 bibit.
405 2359 463 2398 non
476 2339 635 2417 dijudicans
649 2360 754 2419 corpus
768 2340 900 2400 Domini.
903 2332 941 2368 ”²
960 2341 1106 2414 Equidem
1120 2341 1170 2414 qui

80 2444 234 2513 peccatum
266 2435 381 2496 admisit
405 2439 549 2510 fovetque,
575 2441 741 2515 poenitentia
772 2440 912 2517 neglecta,
942 2441 1076 2517 injuriam
1104 2439 1171 2498 sacit

79 2524 212 2603 Christo,
226 2533 294 2596 dum
308 2555 373 2594 eum
396 2538 516 2612 suscipit
539 2538 568 2596 in
588 2540 753 2597 societatem
774 2538 862 2596 veluti
882 2548 911 2594 et
930 2539 1105 2595 consortium
1119 2538 1173 2595 iui-

79 2634 329 2715 quumt'proinde
342 2645 417 2694 recte
431 2635 534 2694 dicitur
545 2638 672 2714 corporis
686 2649 715 2695 et
727 2637 873 2714 sanguinis
888 2633 998 2692 Christi
1012 2653 1089 2692 reus.
1113 2632 1171 2693 Im·

80 2720 321 2810 umnamgitium
341 2733 504 2801 admittitur,
526 2734 593 2792 dum
617 2737 680 2808 quis
702 2736 787 2813 plena
809 2734 898 2793 animi
918 2732 1120 2791 deliberatione
1143 2731 1172 2790 id
1248 2731 1253 2742 ’

80 2828 261 2909 aggreditur3
282 2832 334 2890 sed
355 2841 384 2890 et
402 2835 524 2910 graviter
543 2844 676 2909 peccatur
695 2834 805 2908 quoties
826 2833 988 2891 necessaria
1001 2831 1036 2889 ad
1049 2850 1171 2908 purgan-

80 2930 147 2989 dam
174 2931 300 2989 animam
327 2932 463 2990 omittitur
492 2932 647 3009 diligentia,
676 2931 782 2995 “istud
810 2929 991 3008 peccatum‚”
1019 2931 1111 3002 inquit
1138 2930 1170 2987 S.

81 3029 222 3098 Thomas,
251 3031 309 3088 “in
329 3030 500 3103 quibusdam
519 3041 614 3106 potest
633 3050 695 3088 esse
718 3032 848 3108 gravius:
871 3030 943 3088 sicut
963 3031 993 3088 in
1013 3029 1059 3086 his
1073 3029 1122 3101 qui
1137 3047 1174 3086 aa

82 3129 185 3186 actuali
200 3138 374 3205 contemptu,
395 3149 459 3188 cum
474 3131 647 3188 conscientia
666 3130 775 3207 peccati
789 3129 824 3188 ad
838 3130 893 3187 hoc
907 3137 1114 3187 sacramentum
1129 3147 1173 3185 ac·

58 3225 203 3323 cedunt:
225 3229 255 3286 in
269 3226 440 3302 quibusdam
452 3227 519 3286 verb
533 3230 629 3288 minus
643 3248 745 3306 grave:
767 3241 835 3306 puta
855 3230 884 3287 in
907 3229 953 3287 his
974 3230 1023 3301 qui
1043 3245 1080 3284 ex
1102 3247 1173 3300 quo-

58 3286 147 3386 &m
161 3327 275 3394 timore,
289 3344 326 3387 ne
339 3320 610 3406 deprehendantur
602 3348 633 3387 rn
645 3341 773 3404 peccato,
795 3347 860 3386 oum
874 3327 1051 3386 conscientia
1064 3329 1174 3403 peccati

82 3423 116 3482 ad
136 3424 193 3482 hoc
212 3435 423 3486 sacramentum
442 3426 599 3497 secedunt!
592 3421 627 3455 ”³
675 3428 806 3503 Apostoli
827 3437 1001 3505 praeceptum
1018 3427 1119 3502 exigit
1143 3436 1175 3484 ut

83 3522 222 3581 accedens
236 3523 270 3582 ad
286 3520 498 3595 Eucharrslram
508 3526 662 3605 prudenter
681 3527 735 3584 sibi
755 3546 925 3603 persuasum
946 3527 1049 3585 habeat
1063 3544 1093 3582 se
1108 3544 1173 3582 esse

83 3630 259 3700 paratum2‘
263 3623 385 3683 ‘'unde
377 3620 432 3683 m
456 3616 617 3701 *J'dnbio
636 3627 767 3702 negativo
792 3645 851 3684 sura
871 3624 1068 3715 dispositionis
1088 3640 1173 3680 nemo

82 3729 176 3796 potest
188 3704 470 3783 communionemtdt
514 3716 594 3805 pore.
598 3720 635 3754 ”⁴

120 3824 170 3877 45.
194 3818 431 3881 “Ecclesiastica
441 3814 654 3891 donsuetudo,'’
675 3822 768 3895 inquit
787 3821 941 3880 concilium
956 3815 1172 3882 Tridentinum‚

83 3916 236 3977 “declarat
248 3938 313 3979 eam
325 3921 520 3998 probationem
533 3922 723 3981 necessariam
737 3938 812 3988 esse,
823 3929 855 3977 ut
864 3917 959 3976 nullus
975 3915 1031 3973 sibi
1042 3915 1175 3972 conscius

83 4017 211 4077 mortalis
231 4021 351 4097 peccati,
373 4022 555 4095 quantumvis
574 4021 630 4081 sibi
655 4020 790 4078 contritus
810 4017 948 4083 videatur,
977 4016 1084 4086 absque
1105 4032 1176 4090 prae·

119 4220 607 4289 (1)DeBynododimoee.l.vii.e.xii.
712 4223 754 4286 (2)
773 4219 1066 4284 iii.p.qn.lxxx.art.v.
1101 4217 1178 4284 Rerp.

456 4309 499 4377 (3)
519 4307 545 4356 S.
559 4306 634 4372 Alph.
643 4307 660 4356 l.
674 4305 706 4355 vi.
717 4321 742 4354 n.
753 4306 814 4353 432.

124 4383 201 4445 Voc.
214 4383 336 4455 lli-9
