2640 4860
187 379 244 436 tus
373 372 431 435 DE
450 372 780 437 summovens
801 372 1092 437 consessum.

183 544 310 622 regionis
322 561 412 611 more,
421 554 450 602 et
459 552 526 602 nota
538 543 682 602 voluntate
694 542 835 620 episcopi,
849 561 895 602 res
910 543 1026 621 pendet.
1046 540 1249 619 lnlsscregione
1285 582 1292 603 .

186 644 217 702 in
235 663 294 716 qua
311 643 441 720 paroeciae
462 642 573 711 desunt,
600 641 764 700 sacerdotes
784 643 934 719 approbati
954 650 1112 703 censentur
1135 659 1187 720 pro
1208 650 1250 698 tota
1298 636 1303 651 '

184 742 311 810 diecesi,
332 743 462 816 quamvis
477 760 534 800 non
554 741 674 799 debeant
692 740 869 799 facultatibus
888 741 943 802 sibi
959 741 1127 803 commissis
1146 741 1187 799 uti
1204 756 1252 797 cun
1308 746 1310 753 '

185 842 304 902 aliorum
318 843 500 920 gravamine:
522 848 694 917 quapropter
706 841 822 897 nonnisi
835 840 909 899 bons
922 838 992 901 cun't
1004 843 1090 900 rania
1102 837 1255 899 missiouarii

184 940 253 1010 loci,
268 943 372 1001 debent
385 941 582 1000 confessiones
592 948 673 997 extra
685 958 766 997 snam
781 939 948 998 missionem
958 941 1106 1016 excipere.
1135 937 1170 998 ln
1183 937 1257 996 aliena

185 1041 302 1100 dioecesi
315 1041 355 1099 nil
368 1049 489 1117 possunt
501 1040 606 1113 absque
620 1039 739 1116 speciali
752 1038 836 1095 venia
849 1037 993 1106 ordinarii,
1007 1057 1062 1097 nec
1075 1040 1156 1099 enim
1169 1034 1259 1095 sufficit

185 1159 344 1200 consensus
365 1139 538 1198 missionarii
557 1139 614 1196 loci
632 1147 665 1196 ut
683 1137 831 1214 approbati
854 1137 913 1196 illle
932 1138 1102 1197 habeantur.
1153 1133 1262 1196 Parocbi

186 1241 302 1313 quidem
325 1248 446 1316 possunt
464 1256 532 1296 snos
553 1237 682 1296 subditos
704 1236 734 1294 in
756 1236 847 1294 aliena
867 1235 985 1296 dioecesi
1009 1230 1193 1297 absolvere:¹
1220 1232 1261 1293 sed

185 1340 358 1399 missionarii
373 1337 467 1396 nullos
481 1336 609 1395 subditos
623 1346 777 1395 censentur
795 1335 908 1394 habere.
949 1337 1097 1414 Episcopi
1116 1344 1196 1394 extra
1207 1348 1263 1392 suas

186 1438 323 1498 dioeceses
344 1437 411 1496 olim
425 1445 553 1513 poterant
565 1436 621 1494 sibi
640 1436 745 1512 eligere
765 1434 980 1504 confessarium,
995 1437 1044 1509 qui
1057 1455 1096 1495 eo
1109 1436 1174 1513 ipso
1188 1434 1264 1512 potie-

187 1539 269 1597 batur
273 1528 557 1615 jurisdictione,²sed
569 1535 664 1614 idjam
675 1535 852 1610 restringitur
860 1534 895 1593 ad
903 1535 1082 1595 sacerdotem
1091 1535 1269 1612 approbatum

186 1658 203 1695 a
227 1638 343 1714 proprio
363 1631 533 1694 ordinario.³
573 1635 650 1694 luter
663 1635 815 1712 episcopos
842 1633 1041 1694 soederatarum
1061 1635 1266 1712 provinciarum

187 1737 321 1794 convenit
340 1737 492 1812 episcopos
510 1736 563 1792 iter
576 1744 691 1812 agentes
705 1734 736 1792 in
749 1733 842 1791 aliena
861 1732 978 1792 dioecesi
991 1735 1099 1793 habere
1119 1732 1269 1797 facultates,

187 1854 259 1908 quas
273 1844 301 1893 et
313 1833 451 1894 sacerdoti
465 1835 574 1892 itineris
585 1834 681 1893 comiti
695 1831 905 1892 communicare
918 1833 1039 1892 valeant.
1082 1832 1209 1893 Pa'rochi
1220 1847 1270 1889 non

186 1934 293 1993 hubent
311 1934 470 1993 facultatem
497 1933 550 1991 sibi
580 1933 705 2011 eligendi
729 1934 758 1991 in
776 1932 982 1993 confessarium
1012 1933 1192 1992 sacerdotem
1218 1947 1270 1988 non

188 2035 373 2110 approbatum
383 2034 417 2091 ab
426 2030 585 2091 ordinario:
600 2033 739 2091 contraria
747 2032 855 2108 quippe
864 2034 982 2092 assertio
993 2031 1129 2092 damnata
1135 2041 1181 2090 est
1189 2023 1213 2088 :⁴
1224 2027 1270 2086 sed

187 2132 346 2192 nonnullibi
358 2131 528 2209 permittitur
535 2138 566 2188 nt
577 2131 709 2209 parochis
721 2132 819 2189 alienae
830 2128 987 2191 dioeceseos
1001 2132 1202 2191 confiteantur.
1229 2127 1272 2186 Ob

186 2230 380 2289 difficultatem
407 2237 567 2289 nostrarum
592 2232 753 2307 regionum,
775 2231 929 2291 nonnullus
957 2231 1114 2309 episcopus
1142 2226 1274 2308 permittit

185 2329 373 2387 missionariis
382 2328 430 2400 qui
441 2327 475 2384 ab
484 2326 548 2385 aliis
558 2331 656 2405 procul
666 2329 780 2397 distant,
789 2330 1271 2407 ntccmmunieentjurisdictiontm

186 2446 239 2504 pro
265 2445 317 2485 sua
337 2425 516 2485 confessione
537 2426 677 2487 audienda
698 2400 1038 2509 sacerdotixrictrmque
1059 2431 1138 2490 nulla
1150 2424 1274 2488 certmst

187 2527 328 2595 adstricto,
339 2546 425 2599 quern
439 2527 589 2603 contigerit
601 2530 655 2587 iter
668 2547 751 2606 agere
764 2516 891 2606 perloca
904 2506 962 2587 sue
976 2529 1136 2588 missionis.

228 2632 295 2686 135.
316 2627 334 2685 J
337 2626 483 2686 nrisdictio
492 2629 619 2686 exerceri
626 2647 683 2687 non
694 2637 831 2704 potestex
840 2638 915 2685 certa
921 2627 1025 2686 fiducia
1034 2630 1098 2707 ejus
1109 2626 1273 2687 exercitium

186 2738 277 2786 ratum
291 2727 462 2794 habendum,
475 2746 541 2785 nam
556 2726 603 2786 illa
616 2729 703 2786 animi
717 2728 864 2803 persuasio
874 2727 915 2785 nil
928 2729 1010 2804 ponit
1022 2729 1052 2785 in
1065 2748 1107 2788 re.
1150 2725 1210 2784 Sed
1223 2742 1273 2783 nec

186 2827 252 2886 licet
274 2827 413 2904 probabili
435 2827 485 2894 uti,
500 2826 555 2884 nisi
574 2825 603 2885 in
624 2828 659 2884 iis
682 2828 835 2900 inquibus
858 2826 985 2903 theologi
1006 2828 1137 2902 plerique
1161 2833 1275 2884 censent

187 2926 348 2986 Ecclesiam
370 2945 431 2983 eam
448 2924 648 3002 jurisdictione
671 2926 814 3003 supplere,
830 2944 917 2998 quum
939 2937 1150 2987 sacramentum
1170 2924 1274 2984 nonsit

187 3025 347 3085 discrimini
360 3035 465 3083 temere
478 3025 682 3102 objiciendum.

228 3130 295 3184 136.
317 3125 504 3200 Amplectitur
527 3125 559 3181 S.
582 3126 748 3202 Alphonsus
768 3127 937 3185 sententiam
958 3145 1021 3199 quae
1049 3127 1151 3186 “dicit
1169 3125 1275 3183 licitum

187 3225 301 3296 quidem
315 3242 379 3281 esse
394 3223 550 3280 ministrare
576 3225 632 3283 hoc
654 3236 860 3285 sacramentum
881 3227 1055 3302 poenitentioe
1068 3247 1135 3286 cnm
1144 3221 1276 3303 jurisdic-

187 3323 262 3380 tione
276 3321 424 3398 probabili,
439 3321 490 3377 sed
504 3324 619 3381 nonnisi
633 3324 745 3395 quando
764 3325 844 3384 adest
863 3344 950 3383 causa
969 3327 1064 3403 gravis
1084 3323 1274 3387 necessitatis,

187 3430 234 3477 aut
246 3438 355 3496 magnae
369 3420 507 3486 utilitatis,
521 3431 552 3478 ut
565 3423 644 3480 aiunt
657 3424 742 3483 Elbel
764 3435 792 3482 et
806 3424 955 3503 Wigandt,
969 3426 1014 3484 vel
1027 3444 1115 3483 eausa
1128 3421 1275 3482 rationabi-

185 3518 231 3587 lis,
245 3528 277 3577 ut
288 3520 421 3591 inquiunt
435 3518 542 3577 Suarez
556 3531 584 3578 et
597 3523 712 3599 Sporer.
746 3524 831 3583 Ratio
844 3524 931 3602 hujus
943 3524 1122 3585 limitationis
1136 3534 1197 3590 est3
1213 3521 1275 3595 quia

185 3619 394 3678 licetEcclesia
406 3637 441 3676 eo
455 3637 522 3678 casu
537 3622 573 3679 ob
587 3623 694 3681 bonum
708 3624 867 3682 animarum
880 3625 952 3683 bene
967 3627 1078 3683 censeri
1093 3625 1188 3702 possit
1194 3620 1276 3700 juris·

187 3719 340 3780 dictionem
354 3719 497 3796 supplere,
513 3729 607 3779 tamen
620 3740 679 3780 non
700 3723 880 3798 praesumitur
899 3723 978 3782 nulla
994 3725 1073 3801 justa
1096 3741 1183 3782 causa
1202 3736 1276 3778 acce·

187 3818 282 3891 dente,
294 3821 366 3879 velle
381 3820 535 3878 connivere
550 3840 633 3879 merae
646 3821 767 3880 libertati
780 3822 972 3883 sacerdotum.
995 3821 1177 3901 Hujusmodi
1186 3829 1276 3878 autem

187 3938 272 3980 causa
286 3920 329 4002 (ut
342 3928 459 3979 censent
472 3919 580 3997 Sporer
593 3929 621 3979 et
638 3918 816 4000 Holzmann)
838 3923 951 3982 accidit.
996 3927 1024 3983 1.
1034 3922 1170 4003 'Quando
1191 3917 1276 3996 poeni·

189 4027 250 4079 tens
268 4021 394 4099 indigeat
406 4019 513 4078 auxilio
526 4020 587 4078 sive
601 4020 721 4078 consilio
735 4020 811 4079 illius
826 4023 1002 4082 confessarii.
1034 4028 1074 4082 ·2.
1098 4023 1132 4080 Si
1145 4018 1278 4095 complex

224 4178 266 4244 (l)
280 4178 307 4226 S.
321 4178 393 4242 Alph.
403 4179 420 4227 l.
431 4178 463 4228 vi.
474 4195 501 4228 n.
513 4180 571 4227 544.
706 4181 749 4246 (2)
769 4179 831 4245 Cap.
843 4181 886 4230 fin.
897 4181 939 4231 Ne
949 4197 992 4248 pro
1004 4178 1170 4242 dilatione‚ds
1179 4177 1260 4245 penit.

224 4264 266 4329 (3)
285 4263 326 4311 Ex
339 4263 401 4312 decl.
418 4263 529 4324 Gregorii
540 4263 610 4313 XIII.
623 4264 683 4314 Dee.
697 4269 770 4316 1582.
1202 4298 1205 4303 ·

226 4348 267 4413 (4)
287 4347 360 4410 Prop.
371 4347 421 4397 xvi
433 4347 496 4396 inter
506 4347 632 4398 damnatas
644 4351 673 4399 ab
685 4350 757 4400 Alex.
770 4351 826 4400 Vll.
