2640 4860
304 404 362 466 DE
383 403 558 470 CASUUM
579 409 921 472 RESERVATIONE.
1099 419 1156 476 tte

481 927 623 988 CAPUT
650 927 737 987 VIII.

388 1145 428 1185 DE
448 1144 566 1185 casuum
587 1142 824 1183 RESERVATIONE.

103 1305 172 1361 153.
194 1301 291 1368 Quum
315 1302 422 1380 ligandi
447 1313 476 1362 et
500 1302 640 1362 retinendi
663 1312 787 1380 potestas
813 1303 981 1380 presulibus
1008 1304 1147 1365 Ecclesia

56 1410 214 1478 competat,
229 1412 336 1460 certum
357 1412 401 1460 est
423 1421 472 1461 eos
495 1421 583 1481 posse
603 1401 781 1475 quorundam
795 1413 977 1478 peccatorum
990 1405 1151 1481 graviorum
1201 1446 1204 1451 ·

58 1501 175 1558 veniam
190 1519 244 1558 suo
258 1519 369 1559 servare
387 1502 508 1580 judicio,
529 1511 560 1559 ut
578 1499 762 1560 absolutionis
776 1501 906 1560 facilitate
920 1502 1067 1571 diminuta,
1082 1505 1152 1562 vitia

56 1608 254 1658 coerceantur.
286 1599 463 1660 Reuerentia
477 1600 538 1658 hac
552 1600 668 1676 probata
680 1610 725 1657 est
738 1600 861 1658 concilio
875 1601 1058 1670 Tridentino,
1073 1602 1150 1675 quod

58 1698 166 1757 nullius
181 1699 320 1759 momenti
332 1717 397 1757 esse
416 1699 570 1759 declaravit
589 1699 795 1757 absolutionem
809 1698 947 1777 prolatam
961 1722 977 1759 a
991 1700 1138 1760 sacerdote

59 1798 111 1869 qui
125 1797 337 1875 jurisdictione,
353 1816 403 1858 seu
418 1798 569 1866 ordinaria,
590 1815 641 1856 seu
662 1797 789 1874 delegata
806 1799 835 1856 in
849 1800 1033 1875 poenitentem
1048 1797 1150 1859 caret¹

60 1895 227 1973 Episcopus
242 1897 361 1970 quilibet
381 1898 412 1956 in
433 1917 485 1956 sua
505 1896 632 1964 dioecesi,
647 1896 693 1954 vel
707 1896 811 1972 praesul
831 1898 903 1955 alius
919 1899 1150 1976 jurisdictionem

59 2013 198 2053 exercens
212 1995 293 2068 quasi
306 1997 512 2073 episcopalem,
528 2014 610 2054 casus
624 1996 680 2054 sibi
692 2014 836 2054 reservare
850 2007 959 2074 potest:
982 2000 1056 2057 sicut
1070 1999 1146 2057 Pon·

58 2092 128 2152 tifex
143 2094 293 2153 Romanus
313 2113 366 2172 pro
386 2104 443 2154 tota
457 2095 590 2155 Ecclesia
603 2094 722 2153 crimina
735 2095 863 2167 quaedam
878 2096 932 2154 sibi
945 2115 1087 2156 reservare
1102 2098 1149 2155 ab·

59 2192 197 2251 solvenda
209 2195 369 2253 consucvit.
392 2268 406 2275 ..
1225 2250 1242 2271 ,Ι

101 2296 169 2349 154.
191 2291 358 2351 Reservatio
371 2290 444 2351 facta
458 2293 564 2365 absque
573 2292 651 2368 justa
661 2309 747 2350 causa
759 2293 844 2358 valet,
855 2311 943 2366 quum
954 2295 1030 2353 enim
1044 2295 1149 2372 praesul
1228 2292 1247 2383 ζ

57 2399 197 2466 potestate
210 2391 265 2449 sibi
278 2393 434 2451 commissa
458 2401 560 2459 utatur,
582 2408 636 2449 suo
657 2391 770 2449 arbitrio
791 2390 923 2450 standum
944 2402 1002 2450 est:
1024 2403 1149 2452 attamen
1219 2378 1250 2437 '·

57 2489 141 2566 Lugo
154 2499 253 2548 censet
263 2489 349 2567 hnjus
372 2490 518 2568 potestatis
538 2490 658 2547 abusum
680 2488 872 2556 manifestum,
887 2508 944 2560 quo
957 2491 1148 2567 parochorum

54 2607 159 2646 munus
172 2589 209 2646 ita
223 2588 415 2665 impediretur,
431 2597 461 2646 ut
470 2590 598 2647 exerceri
612 2588 661 2645 vix
675 2587 767 2664 possit
779 2587 946 2662 inpeccatis
960 2586 1145 2656 dimittendis,

58 2687 168 2745 nullum
182 2705 235 2764 per
248 2705 279 2744 se
292 2705 365 2746 esse.

98 2789 168 2843 155.
191 2785 294 2845 Utrum
308 2785 466 2864 ignorantia
476 2785 675 2843 reservationis
690 2790 809 2841 excuset
822 2781 1017 2859 penitentem,
1033 2784 1103 2842 adeo
1117 2795 1148 2842 ut

56 2884 269 2952 aeonfessario‚
289 2904 348 2944 non
369 2885 491 2942 habente
511 2884 670 2943 facultatem
695 2883 724 2940 in
745 2890 896 2948 reservata,
920 2882 1012 2959 possit
1025 2882 1145 2951 absolvi,

56 2985 191 3054 quaeritur
211 2983 283 3041 inter
304 2983 465 3060 theologos,
487 3001 610 3056 quorum
630 2981 760 3058 plerique
780 2978 929 3048 affirmant,
954 2982 1046 3054 quoad
1061 3000 1145 3039 casus

56 3081 143 3158 Papae
163 3092 334 3151 reservatos,
356 3100 444 3157 quum
465 3083 542 3141 enim
562 3081 593 3139 hi
616 3080 783 3156 plemmque
795 3077 919 3136 habeant
931 3099 1080 3139 censuram
1096 3100 1144 3138 an·

56 3198 249 3255 nexamque
264 3183 297 3241 ab
311 3180 505 3259 ignorantibus
526 3199 589 3239 eam
603 3197 659 3236 non
674 3177 858 3246 contrahitur,
879 3179 1045 3238 existimant
1057 3199 1146 3257 reser-

55 3280 199 3339 vationem
212 3281 296 3339 etiam
315 3280 391 3339 haud
410 3279 549 3339 obtinere.
590 3277 763 3337 Reservatur
783 3277 898 3350 quidem
925 3279 1011 3355 Papae
1037 3281 1144 3353 absque

56 3397 177 3439 censura
190 3380 330 3438 absolutio
344 3381 549 3458 cujuscumque
563 3376 634 3436 falsd
647 3377 801 3437 incusantis
816 3375 891 3455 apud
900 3378 1015 3454 judices
1029 3380 1145 3438 ecclesi·

55 3479 156 3538 asticos
181 3479 241 3537 sive
262 3496 313 3555 per
335 3497 376 3547 se,
397 3479 457 3535 sive
476 3475 654 3555 procurando
675 3487 708 3534 ut
727 3495 778 3554 per
797 3477 868 3535 alios
889 3477 947 3546 fiat,
969 3479 1144 3538 sacerdotem

55 3576 261 3636 solicitationis.
302 3577 477 3636 Reservatur
489 3579 575 3636 etiam
589 3595 672 3634 casus
685 3577 824 3654 acceptati
845 3576 914 3635 doni
928 3597 944 3633 a
956 3579 1142 3654 regularibus,

56 3678 202 3749 utriusque
221 3694 321 3745 sexus,
344 3677 450 3750 absque
473 3677 517 3734 sui
539 3675 701 3752 Superioris
720 3677 852 3734 licentia:
875 3675 1028 3747 quodnisi
1055 3684 1143 3733 totum

56 3775 213 3833 restitutum
227 3775 320 3844 fucrit,
335 3776 360 3834 si
374 3774 466 3833 valeat
477 3775 550 3833 ultra
562 3773 662 3833 decem
675 3783 754 3832 scuta
768 3773 908 3840 Romana,
929 3773 1012 3830 venia
1025 3769 1144 3829 concedi

59 3875 173 3946 nequit:
196 3875 222 3933 si
235 3875 330 3932 minus
342 3874 445 3943 ualeat,
456 3892 522 3951 pars
541 3871 714 3930 restituenda
733 3880 777 3930 est
789 3868 961 3937 necessario,
979 3870 1062 3946 juxta
1075 3868 1145 3925 arbi·

58 3972 139 4032 trium
153 3972 371 4032 Paenitentiarii.
412 3974 447 4032 In
461 3972 506 4030 his
520 3972 675 4030 reservatio
688 3969 798 4027 videtur
811 3969 938 4026 obtinere
951 3967 1034 4024 etiam
1050 3966 1144 4038 quoad

58 4067 228 4146 ignorantes,
243 4089 331 4144 quum
345 4091 464 4132 censura
483 4071 633 4130 deficiente
647 4068 797 4127 videantur
816 4068 904 4124 Instar
916 4065 1142 4125 reservatIonum

14 4205 18 4212 ‚
57 4168 253 4244 plerarumque
267 4172 301 4230 ab
315 4172 457 4249 episcopis
472 4171 617 4228 factarum.
659 4166 827 4226 Reservatio
846 4164 958 4224 videtur
971 4157 1096 4224 obtinere
1112 4166 1140 4226 in

448 4353 490 4420 (1)
511 4353 575 4402 Sese
586 4353 635 4402 xiv.
647 4365 700 4416 cap.
712 4349 752 4402 rii.
