2640 4860
312 373 369 433 DE
390 371 708 433 IMPEDIMENTIS
729 371 1003 433 MATRIMONII.
1143 376 1202 432 345

112 537 253 597 certitudo
267 558 332 597 eum
346 541 473 598 occisum
487 557 560 607 esse,
575 538 641 597 licet
654 539 726 596 inter
734 537 931 598 defunctorum
945 539 1081 598 cadavera
1094 557 1200 616 corpus

113 638 177 714 ejus
190 656 250 696 non
264 638 521 716 fueritspecialiter
534 637 671 714 agnitum.
713 637 784 702 Quae
799 636 902 695 indicia
922 639 1019 696 mortis
1039 637 1204 697 derivantur

113 754 151 793 ex
176 735 308 795 diuturna
331 739 468 804 absentia,
489 746 518 794 et
542 736 665 802 silentio,
679 754 717 792 ex
743 737 867 794 moribus
894 737 943 808 qui
966 746 1087 795 mortem
1115 738 1201 795 veluti

114 836 304 903 arcessebant,
318 856 356 895 cx
377 835 536 894 valetudine
557 835 632 893 haud
653 835 721 892 satis
736 834 827 901 firma,
842 853 878 891 ex
898 835 997 893 morbo
1020 853 1071 910 per
1092 844 1203 911 tempus

113 933 229 1005 aliquod
249 935 278 992 in
298 936 414 1012 regione
435 936 464 992 in
479 953 535 1006 qua
548 934 708 990 versabatur
721 942 876 1009 grassante,
892 932 937 989 vel
956 934 1017 991 aliis
1038 933 1205 1010 hujusmodi

112 1050 209 1089 rerum
223 1032 373 1110 adjunctis,
388 1033 554 1110 plerumque
575 1050 632 1090 non
643 1031 723 1089 ,dant
736 1032 791 1089 nisi
807 1032 982 1109 probabilem
1000 1033 1203 1108 conjecturam,

113 1149 177 1202 quac
189 1150 247 1190 non
260 1131 403 1214 sufficiunt
415 1140 446 1188 ut
456 1131 539 1188 liceat
551 1130 690 1188 secundas
704 1140 837 1188 attentare
851 1131 974 1206 nuptias.

155 1233 223 1288 167.
246 1230 304 1296 Qui
317 1231 352 1288 de
367 1230 496 1307 conjugis
517 1240 607 1286 morte
621 1231 723 1287 certior
736 1230 826 1287 factus
845 1231 919 1287 bona
939 1229 994 1286 fide
1008 1229 1091 1287 aliam
1112 1228 1201 1297 duxit,

112 1345 172 1384 nou
187 1338 230 1385 est
243 1329 325 1386 facile
336 1349 388 1387 suo
402 1327 588 1386 dimovendus
605 1330 681 1404 jure,
695 1328 747 1386 sed
769 1328 832 1386 “ad
845 1329 890 1385 sui
905 1329 1026 1403 pastoris
1047 1327 1201 1385 consilium

112 1423 302 1504 (conscientia
314 1428 385 1484 levis
399 1438 427 1484 et
440 1427 594 1484 temerariae
609 1425 781 1484 credulitatis
795 1423 927 1503 explosa)
941 1427 1016 1484 licite
1034 1438 1129 1502 potest
1142 1444 1201 1483 non

110 1524 205 1582 solum
232 1524 358 1593 reddere,
379 1525 430 1582 sed
448 1527 563 1601 exigere
590 1525 716 1583 debitum
743 1522 941 1603 conjugale.”¹
986 1525 1018 1581 si
1044 1543 1090 1582 res
1116 1525 1203 1583 dubia

112 1622 250 1691 videatur,
271 1623 355 1682 debet
379 1622 496 1682 reddere
523 1623 648 1681 debitum
669 1627 786 1699 petenti,
801 1644 836 1682 ne
859 1633 935 1681 certo
954 1625 1012 1700 juri
1039 1623 1114 1694 quod
1135 1624 1204 1681 alter

111 1722 242 1798 possidet
254 1722 396 1780 detrahat:
412 1723 462 1780 sed
476 1741 534 1781 non
548 1723 632 1780 debet
645 1722 707 1798 ipse
719 1723 843 1800 exigere,
854 1742 890 1780 ne
904 1724 1108 1780 conscientiam
1119 1722 1204 1780 ledat

111 1819 147 1878 de
161 1823 218 1878 vita
231 1823 333 1898 prioris
347 1823 478 1899 conjugis
491 1819 583 1879 adbuc
595 1818 719 1879 dubiam.

155 1923 222 1978 168.
245 1920 302 1986 Qui
323 1921 423 1978 dubius
438 1920 473 1978 de
493 1929 582 1977 morte
602 1920 733 1996 conjugis
747 1921 860 1996 nuptias
876 1921 1025 1985 contraxit,
1039 1927 1149 1978 tenetur
1161 1921 1202 1977 rei
1255 1922 1260 1930 '

112 2019 258 2076 veritatem
281 2020 462 2096 investigare,
477 2029 506 2076 et
519 2019 629 2077 interim
643 2020 733 2086 alteri,
748 2021 796 2091 qui
806 2021 855 2096 jus
869 2038 907 2077 cx
927 2020 1109 2078 matrimonio
1130 2019 1204 2077 bona
1249 2028 1262 2049 ·

110 2115 167 2176 fide
194 2118 267 2176 inito
293 2117 431 2195 possidet,
459 2117 576 2176 reddere
603 2119 747 2176 debitum:
779 2120 817 2176 uti
846 2118 982 2176 Pontifex
1011 2118 1139 2176 decrevit
1168 2116 1203 2174 de

110 2215 229 2275 homine
253 2219 306 2290 qui
331 2237 434 2276 novam
461 2217 582 2276 duxerat
607 2237 739 2285 uxorem,
761 2217 796 2275 de
824 2227 914 2287 morte
929 2201 1071 2294 ¹conjugis
1098 2216 1201 2293 prioris

110 2315 253 2374 incertus:
277 2317 342 2374 “Si
362 2335 428 2375 vero
441 2357 547 2375 ......
560 2317 595 2375 de
609 2327 700 2376 morte
724 2317 856 2395 conjugis
873 2317 964 2375 adhuc
985 2317 1129 2375 existimat
1148 2314 1204 2373 sibi
1300 2358 1301 2361 ,

110 2413 311 2485 dubitandum,
326 2417 352 2473 ei
372 2435 435 2489 quae
461 2415 517 2473 sibi
540 2416 646 2492 nupsit,
674 2417 801 2475 debitum
822 2434 880 2474 non
901 2416 1022 2493 deneget
1040 2414 1203 2492 postulanti,

110 2515 188 2586 quod
215 2534 283 2573 ase
304 2525 398 2573 tamen
419 2516 531 2573 noverit
556 2515 718 2573 nullatenus
744 2508 970 2590 exigendum.”²
1009 2512 1088 2570 Hinc
1109 2513 1148 2570 ait
1169 2511 1201 2568 S.

110 2613 296 2690 Alphonsus:
320 2613 480 2673 “indubio
500 2613 535 2671 de
558 2623 647 2671 morte
668 2614 771 2690 prioris
786 2612 928 2689 conjugis,
947 2612 1007 2667 sive
1028 2611 1132 2686 nuptiae
1146 2610 1203 2666 sint

110 2712 188 2771 initae
203 2732 269 2770 cum
284 2713 437 2779 bonafide,
452 2714 512 2770 sive
526 2731 591 2770 cum
612 2710 697 2770 dubia
709 2712 775 2778 fide,
789 2729 934 2782 nunquam
949 2710 1056 2786 conjux
1070 2708 1201 2765 dubitans

109 2821 208 2889 petere
222 2813 335 2889 poterit,
350 2812 406 2868 nisi
420 2811 455 2868 de
469 2821 559 2870 morte
581 2811 684 2886 prioris
698 2810 829 2886 conjugis
844 2809 978 2865 habeatur
991 2807 1138 2873 certitudo,
1154 2815 1202 2863 aut

109 2911 212 2969 saltem
229 2920 304 2969 tanta
316 2911 500 2986 praesumptio
515 2929 578 2983 quae
593 2911 729 2969 moralem
744 2906 941 2966 certitudinem
956 2914 1065 2963 statuat.
1106 2903 1201 2970 Alias,

108 3010 134 3067 si
149 3020 257 3068 tantum
272 3009 453 3086 probabilitas
468 3009 503 3066 de
518 3018 607 3067 morte
622 3009 766 3076 habeatur,
781 3007 882 3079 nequit
894 3023 1020 3078 unquam
1035 3005 1140 3081 conjux
1154 3003 1202 3060 ille

109 3109 242 3166 dubitans
256 3118 362 3183 petere,
377 3118 436 3165 tum
451 3109 518 3180 quia
532 3117 597 3165 tunc
611 3117 737 3165 remanet
757 3105 901 3182 probabile
919 3103 1076 3181 perieulum
1092 3102 1201 3179 injuriae

108 3209 212 3284 prioris
233 3208 377 3285 conjugis,
391 3246 494 3264 ......
507 3215 565 3264 tum
580 3208 646 3278 quia
666 3225 700 3264 co
721 3225 788 3263 casu
811 3204 939 3280 possidet
960 3202 1038 3279 prius
1060 3202 1203 3259 matrimo-

107 3307 199 3375 nium,
209 3306 301 3365 donec
315 3314 425 3363 constet
437 3304 526 3362 fuisse
541 3299 716 3362 solutum.”³

152 3409 220 3464 169.
243 3405 300 3470 Qui
321 3404 396 3462 mala
415 3402 471 3461 fide
493 3415 557 3462 cum
579 3403 634 3461 alia
656 3402 805 3469 contraxit,
820 3420 944 3461 noscens
964 3402 1117 3478 conjugem
1139 3417 1202 3457 esse

108 3505 302 3580 superstitem,
314 3521 371 3561 non
387 3512 481 3579 potest
493 3502 539 3561 vel
553 3502 681 3570 reddere,
695 3503 741 3560 vel
755 3511 861 3577 petere,
876 3521 965 3574 quum
980 3502 1090 3559 nullum
1101 3501 1149 3576 jus
1164 3516 1201 3556 ex

109 3602 276 3680 hujusmodi
290 3603 444 3660 tentamine
454 3601 566 3659 oriatur.
596 3603 625 3659 N
628 3621 660 3659 ec
674 3602 758 3659 refert
771 3600 848 3672 quod
862 3610 990 3676 tempore
1001 3598 1201 3676 progrediente

109 3701 229 3769 dubitet,
256 3710 348 3759 utrum
382 3700 488 3777 conjux
521 3699 656 3775 deinceps
688 3699 860 3765 discesserit,
888 3718 954 3755 nam
988 3696 1200 3754 matrimonium

109 3808 275 3858 attentatum
288 3810 377 3857 morte
392 3798 522 3875 conjugis
532 3797 624 3856 nullas
638 3795 755 3867 acquirit
764 3795 848 3852 vires.
881 3794 913 3851 Si
928 3805 1045 3867 uterque
1060 3792 1134 3850 mala
1146 3791 1202 3849 fide

110 3899 294 3966 contraxerit,
304 3898 538 3975 impedimentum
549 3895 676 3954 criminis
690 3892 756 3950 inde
770 3892 905 3960 nascitur,
916 3891 987 3949 adeo
1000 3901 1073 3949 utne
1083 3889 1200 3963 quidem

109 4007 176 4073 post
201 3997 331 4074 conjugis
358 3997 471 4055 alterius
498 3984 628 4062 mortem,
655 3992 792 4070 conjungi
818 3991 938 4058 valeant,
959 3990 1014 4050 uisi
1037 3990 1201 4065 impetretur

213 4217 255 4282 (1)
274 4215 335 4278 Cep.
345 4213 507 4278 inquisitioni,
519 4213 548 4265 de
555 4219 619 4266 tent.
629 4229 721 4266 excom
1148 4246 1151 4251 -

215 4302 257 4368 (2)
278 4300 665 4370 coemeteriumque.
784 4299 787 4304 ’
857 4299 899 4363 (³)
918 4293 1098 4348 1111111106.
