2640 4860
309 386 366 446 DE
388 385 708 446 IMPEDIMENTIS
728 385 1004 446 MATRIMONII.
1143 392 1199 449 851

154 557 222 611 185.
246 554 287 612 Ut
298 555 394 613 locum
407 554 508 613 habeat
519 554 670 630 disciplina
684 553 862 622 Triderrtiua,
884 555 1020 631 parochia
1033 555 1071 612 sit
1083 571 1202 612 necesse

111 663 165 720 est,
179 663 208 710 et
221 653 379 729 parochus;
401 672 467 713 nam
483 654 515 710 S.
537 653 704 730 Alphonsus
726 654 940 713 animadvertit:
963 654 1098 711 “Sinon
1112 654 1204 730 possit
1299 648 1305 654 ”

112 754 142 810 In
164 752 261 824 aliquo
280 755 389 830 oppido
412 753 509 811 haberi
533 762 637 829 pastor,
661 762 709 810 aut
729 754 800 811 alius
824 771 926 830 gerens
947 754 1009 830 ejus
1031 753 1118 821 vices,
1135 763 1201 811 tunc

111 850 237 909 validum
257 861 301 910 est
322 852 531 911 matrimonium
554 853 655 909 initum
675 871 740 910 cum
765 853 882 910 testibus
902 853 964 911 eine
987 851 1121 927 parocho.
1163 851 1205 909 Et

112 950 257 1028 probabile
271 950 298 1007 id
312 961 410 1027 putant
423 951 675 1018 salmanticenses,
697 961 812 1027 propter
831 952 971 1024 quandam
985 949 1202 1008 declarationem

113 1049 274 1107 Clementis
288 1050 357 1108 VII.
373 1050 448 1127 apud
462 1049 606 1118 Ooninck,
622 1051 689 1123 quia
699 1062 765 1107 tunc
779 1051 824 1108 vel
838 1070 895 1109 uon
910 1050 989 1107 adest
1002 1051 1040 1107 ibi
1055 1048 1200 1124 parochia,

112 1148 156 1206 vel
183 1149 223 1206 ibi
242 1167 299 1207 non
327 1148 408 1207 durat
432 1150 621 1225 promulgatio
648 1148 821 1217 Tridentini,
849 1150 978 1222 quamvis
1002 1149 1073 1205 facta
1099 1148 1201 1214 suerit3

111 1246 253 1305 destructa
267 1250 351 1307 etiam
366 1249 509 1325 parochia,
524 1259 657 1307 censetur
668 1248 809 1306 destructa
828 1248 1017 1325 promulgatio
1031 1246 1124 1320 quoad
1138 1248 1201 1323 ejus

110 1344 286 1404 valorem.'’¹
317 1347 350 1406 Id
364 1349 447 1424 igitur
461 1367 555 1423 prore
570 1349 718 1425 explorata
733 1348 877 1415 habemus,
892 1348 985 1424 legem
1000 1345 1201 1405 Tridentinam

111 1444 147 1503 ad
160 1464 195 1502 ea
208 1448 306 1504 arctari
316 1448 379 1505 loca
392 1448 422 1505 in
443 1447 544 1519 quibus
558 1450 688 1524 paroeciae
702 1456 801 1504 erectae
815 1456 892 1515 sunt,
908 1446 953 1505 vel
973 1446 1099 1504 ecclesiae
1113 1446 1201 1503 instar

111 1545 330 1620 parochialium,
352 1545 427 1622 apud
448 1565 518 1619 quas
539 1546 669 1604 sacerdos
690 1556 752 1604 actu
777 1545 893 1613 residet,
914 1565 1010 1604 curam
1024 1564 1126 1621 gerens
1140 1545 1200 1602 ani·
1244 1558 1250 1571 ·

110 1662 223 1701 marum
236 1646 310 1703 intra
323 1646 486 1722 designatos
500 1645 623 1703 limites:
646 1665 703 1703 non
717 1654 811 1705 autem
824 1645 967 1722 respicere
985 1645 1122 1702 ecelesias
1136 1663 1199 1717 quae

108 1760 173 1799 rure
188 1745 258 1802 etin
272 1745 455 1803 missionibus
470 1746 577 1820 passim
591 1754 691 1801 erectae
704 1756 780 1802 sunt.

152 1845 220 1900 186.
243 1844 327 1910 Quod
340 1845 437 1902 attinet
456 1843 491 1901 ad
505 1845 684 1902 matrimonia
698 1844 796 1911 mixta,
818 1843 863 1900 vel
884 1860 947 1916 quae
965 1841 1038 1899 iuter
1051 1840 1199 1898 hereticos

111 1941 255 2010 ineuntur,
264 1944 298 2000 in
312 1944 383 2001 locis
397 1944 444 2001 ubi
459 1944 573 2019 publice
588 1952 723 2000 exercent
742 1932 822 2000 suam
836 1942 1013 2018 religionem,
1041 1948 1070 1997 et
1082 1940 1202 1996 coetibus

110 2037 250 2099 distinctis
277 2052 491 2119 congregantur,
524 2042 588 2119 lege
624 2041 793 2100 Tridentina
818 2061 877 2099 uon
909 2037 1198 2115 comprehenduntur,

110 2136 227 2198 adeo‘ut
240 2140 349 2197 valeant
368 2142 473 2217 nuptiae
497 2140 663 2216 hujusmodi
682 2142 790 2212 absque
810 2139 927 2217 parochi
941 2139 1101 2214 praesentia,
1117 2137 1201 2194 etiam

110 2237 140 2294 in
166 2239 239 2297 locis
266 2241 294 2296 in
322 2241 424 2312 quibus
445 2239 598 2316 disciplina
620 2239 790 2297 TridentIna
809 2247 923 2315 recepta
948 2247 1001 2305 est,
1028 2237 1201 2310 ubicumque

114 2333 265 2396 declaratio
279 2338 430 2396 Benedicti
443 2338 527 2396 XIV.
549 2339 603 2395 hac
626 2339 656 2395 in
677 2358 707 2396 re
726 2339 823 2397 locum
837 2340 930 2396 habet.
973 2337 1030 2396 Pro
1044 2335 1202 2394 Hollandia

111 2441 140 2490 et
148 2433 299 2494 Foederato
308 2437 420 2512 Belgio,
434 2436 480 2495 die
491 2441 509 2494 4
521 2437 696 2494 Novembris
710 2456 785 2495 anno
797 2441 885 2503 1741,
900 2436 1053 2494 declaravit
1066 2436 1202 2493 Pontifex

111 2533 206 2591 valere
220 2536 399 2594 matrimonia
412 2535 588 2612 hujusmodi,
612 2536 697 2592 etiam
717 2554 776 2593 non
795 2544 906 2616 servata
925 2534 1016 2592 forma
1029 2531 1201 2600 Tridentini,

112 2649 198 2703 quarn
221 2633 440 2693 declarationem
465 2635 499 2692 ad
520 2643 606 2693 totam
628 2633 775 2692 dioecesim
797 2620 1122 2698 Neo-Aurelianensem‚
1138 2649 1201 2704 quae

112 2739 185 2806 tunc
195 2733 334 2801 Pieridas,
356 2732 541 2793 Louisianam
562 2735 738 2809 superiorem
760 2741 788 2789 et
808 2731 981 2798 inferiorem,
997 2729 1124 2800 aliasque
1137 2747 1202 2805 pro·
1282 2749 1286 2755 ’

112 2832 222 2889 vincias
249 2833 500 2908 complectebatur,
521 2832 649 2890 extendit
668 2832 730 2889 Leo
756 2831 826 2889 XII.
841 2830 953 2888 decreto
979 2832 997 2886 9
1025 2827 1201 2902 Septembris

114 2935 204 2988 1824.
246 2931 292 2989 Ad
307 2931 439 2990 Canadas
462 2933 558 2990 etiam·
571 2941 689 2989 extensa
708 2939 760 2998 est,
783 2940 811 2987 et
824 2948 875 3006 per
894 2946 926 2985 se
940 2928 1016 2985 valet
1027 2927 1202 2999 ubicumque

112 3030 241 3088 haeretici
254 3030 401 3092 distinctos
415 3031 520 3089 habent
532 3041 631 3088 cretus.
673 3029 817 3100 Equidem
838 3036 948 3085 constat
967 3026 1066 3085 Patres
1081 3025 1202 3084 Triden-

116 3129 189 3186 tinos
204 3129 297 3205 legem
312 3131 349 3187 ita
363 3130 471 3198 tulisse,
486 3139 517 3188 ut
529 3129 723 3187 hereticorum
737 3136 826 3186 emtus
843 3128 904 3205 jam
919 3126 953 3183 ab
966 3125 1099 3184 Ecclesia
1112 3123 1202 3183 disul-

113 3246 162 3285 eos
176 3247 234 3286 non
248 3230 411 3305 respiceret,
426 3229 555 3287 nolentes
569 3227 677 3287 idcirco
697 3246 761 3285 eam
781 3227 811 3285 iu
826 3244 994 3298 unaquaque
1009 3224 1131 3300 paroecia
1144 3225 1203 3282 vim

114 3327 242 3385 obtinere
257 3328 312 3387 nisi
326 3328 554 3405 promulgatione
574 3329 604 3385 in
617 3347 651 3386 ea
664 3327 745 3384 sacta.
764 3404 770 3411 .
788 3326 856 3385 Hoc
870 3327 955 3403 igitur
968 3322 1204 3384 clandestinitatie

114 3425 352 3502 impedimentum
366 3427 401 3485 ad
415 3428 564 3486 haereticos
584 3428 705 3486 seorsim
719 3427 923 3485 convenientes
938 3425 967 3483 in
980 3424 1051 3483 locis
1065 3423 1113 3481 ubi
1127 3443 1204 3500 gras·

115 3536 213 3583 santur
238 3525 373 3596 haereses,
400 3545 458 3585 non
484 3537 528 3584 cst
551 3525 773 3586 extendendum.
816 3525 896 3584 Hinc
921 3525 991 3584 Pius
1018 3523 1088 3581 VII.
1112 3524 1206 3581 renuit

115 3623 260 3682 declarare
283 3627 392 3684 irritum
414 3626 627 3685 matrimonium
648 3626 724 3697 quod
745 3624 941 3700 Hieronymus
962 3624 1123 3696 Bonaparte
1138 3639 1204 3679 cum

114 3725 212 3799 puella
226 3725 433 3784 Protestantica
452 3725 601 3784 Baltimori
620 3724 733 3791 inierat,
754 3723 823 3780 licet
843 3723 960 3780 instaret
972 3722 1131 3795 Imperator
1145 3719 1204 3778 Na·

114 3822 220 3899 poleon
247 3825 309 3901 ejus
332 3825 427 3893 frater,
453 3827 539 3884 nixus
560 3821 710 3898 disciplina
732 3820 910 3888 Tridentiua‚
932 3838 995 3892 quae
1015 3825 1125 3876 servata
1146 3835 1206 3876 non

114 3921 215 3981 fuerat.
257 3924 315 3982 Pro
338 3933 415 3983 certo
438 3933 467 3982 et
486 3923 643 3983 indubitato
665 3921 764 3980 habuit
782 3919 911 3998 pontifex
933 3919 1028 3995 legem
1048 3914 1126 3975 illam
1146 3935 1205 3975 non

115 4020 256 4090 obtinere,
277 4031 336 4080 tum
358 4024 426 4097 quia
447 4024 476 4083 in
497 4023 551 4082 hac
570 4022 687 4098 regione
707 4020 830 4078 heretici
850 4020 879 4077 iu
900 4027 988 4076 coetus
1009 4015 1157 4075 distlnctos
1170 4015 1206 4073 ab

113 4119 194 4180 initio
220 4121 305 4181 divisi
331 4133 410 4192 sunt,
425 4131 484 4182 tum
504 4123 573 4196 quia
594 4139 648 4179 nec
670 4120 719 4178 lex
738 4137 863 4192 unquam
876 4117 930 4176 suit
952 4109 1205 4193 ibipromulgata.1

537 4346 580 4412 (ι)
600 4343 673 4395 nvn
684 4360 710 4395 n.
724 4346 796 4394 lore.
