2640 4860
104 375 164 433 262
476 366 619 426 CAPUT
640 363 822 426 UNIOUM.

101 537 221 597 humero
241 543 319 593 esset
337 534 434 593 unctio
453 531 602 593 facienda:
624 533 650 591 si
669 550 761 591 caecus
782 548 897 607 semper
919 529 1016 600 fuerit,
1040 529 1190 608 inungendi

106 648 201 695 tamen
213 644 281 693 sunt
293 634 441 692 oculorum
449 632 545 702 loculi,
556 642 587 691 ut
594 632 620 690 si
628 631 697 706 quid
710 631 805 690 videre
815 631 1025 709 concupiscens
1039 628 1190 698 admiserit,

105 737 277 812 ignoscatur.

144 839 175 892 7.
198 832 307 892 “Dum
321 831 431 898 oculos,
446 849 539 899 aures,
553 840 582 889 et
594 831 649 889 alia
662 830 789 908 corporis
802 829 939 898 membra,
954 847 1020 902 qure
1034 831 1115 907 paria
1122 837 1191 896 sunt,

106 933 241 991 sacerdos
263 933 354 1009 ungit,
375 940 474 990 caveat
499 950 535 990 ne
562 930 648 988 altero
670 931 798 1007 ipsorum
824 927 1003 1006 inungendo,
1029 928 1193 988 sacramenti

107 1033 229 1090 formam
256 1033 335 1109 prius
365 1030 502 1098 absolvat,
529 1048 614 1102 quam
647 1030 730 1088 ambo
755 1028 923 1106 hujusmodi
954 1029 1038 1106 paria
1070 1029 1192 1087 membra

107 1130 306 1208 perunxerit.”
339 1129 383 1187 lta
395 1128 508 1187 Rituale
522 1129 696 1187 Romanum.

147 1236 176 1288 8.
198 1228 338 1288 Sacerdos
352 1228 429 1287 solus
447 1238 491 1285 est
504 1227 588 1305 hujus
601 1227 770 1285 sacramenti
783 1226 929 1284 minister:
944 1224 1094 1300 sodextra
1103 1243 1194 1284 neces·

108 1330 218 1387 sitatem
235 1327 419 1388 succurrendi
432 1326 611 1403 periclitanti,
626 1344 699 1402 opus
713 1335 756 1383 est
764 1323 972 1404 jurisdictione,
987 1335 1020 1383 ut
1032 1325 1119 1385 liceat
1127 1323 1192 1384 illud

108 1430 278 1497 ministrare,
293 1447 359 1486 uam
374 1425 409 1486 ad
422 1426 541 1503 parochi
551 1444 655 1484 munus
666 1433 785 1502 spectat.
827 1423 895 1483 Hoc
900 1424 951 1502 jus
962 1432 993 1482 ut
1001 1423 1194 1492 vindicaretur,

108 1528 367 1588 excommunicatio
393 1526 424 1584 in
449 1526 600 1604 religiosos
625 1526 683 1584 lata
708 1534 761 1593 est,
783 1523 916 1597 quisine
942 1523 1065 1602 parochi
1086 1522 1196 1583 licentia

110 1629 272 1687 unctionem
288 1636 444 1686 extremam
459 1626 641 1685 saecularibus
654 1619 828 1684 conserunt.¹
848 1623 933 1682 Unus
942 1623 1050 1682 sufficit
1057 1623 1194 1690 sacerdos,

109 1727 150 1784 uti
169 1727 298 1785 definivit
323 1725 487 1785 Alexander
508 1718 580 1785 111.²
614 1725 689 1783 Tres
712 1724 825 1792 salum,
851 1732 962 1801 septem
985 1722 1197 1800 plerumquc,a

110 1823 221 1884 Grecis
248 1825 432 1885 adhibentur:
454 1845 540 1900 quem
563 1843 672 1883 morem
696 1821 957 1883 commendandum
976 1840 1043 1882 esse
1064 1822 1147 1882 docet
1165 1821 1194 1878 S.

110 1925 242 1984 Thomas
254 1920 279 1984 :³
298 1925 349 1984 sed
370 1945 386 1982 a
405 1925 514 1985 ritualis
541 1924 708 2002 prescripto
727 1921 931 1982 discedendum
954 1940 1014 1981 non
1033 1923 1145 1992 estiis
1166 1929 1194 1978 ut

109 2043 182 2083 unus
195 2025 281 2084 ritum
295 2025 432 2102 perficiat,
447 2026 510 2083 aliis
523 2024 707 2091 adstantibus,
721 2031 750 2081 et
762 2041 847 2100 prece
860 2030 968 2082 tantum
981 2021 1194 2100 adjuvantibus:

109 2125 138 2181 in
167 2124 294 2199 periculo
317 2134 412 2182 tamen
437 2125 615 2192 imminente,
636 2131 736 2182 censet
760 2117 972 2182 Busembaum⁴
992 2122 1196 2203 pluresposse

107 2221 194 2279 simul
213 2241 330 2300 ungere,
346 2221 500 2282 dummodo
513 2241 619 2300 organa
632 2225 841 2301 cujuscumque
853 2240 954 2281 sensus
968 2222 1004 2280 ab
1021 2240 1084 2281 uno
1096 2237 1196 2298 ungan-

110 2329 163 2387 tur,
174 2328 204 2377 et
212 2321 296 2378 verba
305 2321 524 2398 congruasimul
534 2323 568 2380 ab
577 2321 681 2382 eodem
691 2323 878 2400 proferantur,
890 2322 978 2381 altero
988 2320 1078 2381 simul
1090 2318 1197 2379 alterius

110 2435 212 2477 sensus
225 2438 331 2496 organa
348 2431 484 2496 ungente.
526 2421 559 2479 Si
573 2421 707 2480 sacerdos
721 2422 835 2479 deficiat
853 2422 971 2490 viribus,
985 2420 1034 2479 vel
1056 2420 1196 2486 moriatur,

110 2517 177 2576 dum
201 2528 337 2595 agrotum
357 2519 447 2595 ungit,
469 2517 538 2577 alter
562 2520 668 2595 poterit
692 2519 785 2578 statim
813 2520 964 2596 prosequi:
989 2519 1051 2577 “in
1077 2526 1198 2577 extrema

111 2620 245 2677 unctione
259 2636 317 2677 non
332 2628 426 2694 potest
438 2639 455 2677 a
468 2620 561 2695 capite
574 2619 710 2696 incipere,
724 2619 776 2677 sed
795 2617 877 2676 debet
889 2636 1006 2696 semper
1024 2617 1196 2696 procedere:

111 2719 177 2791 quia
191 2719 287 2777 unctio
309 2719 337 2776 in
353 2717 452 2777 eadem
467 2729 546 2796 parte
566 2718 638 2776 facta
659 2727 767 2777 tantum
788 2717 872 2786 valet,
888 2736 921 2777 ac
943 2719 1198 2778 siconsocraretur

110 2818 154 2875 bis
176 2816 276 2877 eadem
299 2817 412 2876 hostia:
434 2818 511 2892 quod
537 2818 616 2877 nullo
640 2817 727 2877 modo
752 2815 1003 2892 faciendum-est..
1023 2819 1090 2877 Nec
1109 2826 1198 2876 tamen

111 2918 304 2977 ministrorum
318 2918 464 2995 pluralitas
479 2918 550 2977 tollit
568 2919 704 2976 unitatem
718 2917 804 2994 hujus
819 2918 998 2986 sacramenti,
1013 2919 1083 2991 quia
1102 2918 1199 2976 iustru-

111 3017 270 3075 mentalitcr
284 3026 389 3075 tantum
399 3025 561 3094 operantur.
604 3017 728 3076 Mutatio
742 3026 836 3075 autem
853 3017 1049 3077 martellorum
1060 3036 1119 3076 non
1132 3015 1199 3074 tollit

111 3117 246 3175 unitatem
279 3118 453 3194 operationis
486 3112 606 3176 fabri.’'⁵
650 3118 689 3174 At
720 3117 746 3175 si
775 3126 889 3193 tempus
914 3117 1042 3177 notabile
1069 3116 1198 3181 elabatur,

111 3226 263 3288 antequam
286 3216 420 3275 sacerdos
446 3217 600 3293 reperiatur
626 3217 675 3289 qui
698 3218 862 3275 unctionem
885 3216 1022 3294 perficiat,
1051 3228 1152 3276 censet
1169 3213 1197 3272 S.

111 3313 279 3389 Alphonsus
293 3316 457 3373 unctionem
471 3335 534 3374 esse
548 3315 703 3374 iterandam
723 3317 776 3375 sub
790 3316 964 3383 conditione,
978 3324 1010 3374 ut
1023 3335 1063 3376 ex
1083 3315 1197 3394 singulis

113 3412 295 3471 unctionibus
308 3415 393 3471 unica
405 3415 516 3492 integra
526 3416 613 3474 simul
626 3409 789 3475 habeatur.⁶

151 3514 180 3568 9.
204 3511 339 3570 Minister
349 3511 458 3570 adstare
472 3513 555 3574 debet
564 3514 704 3575 sacerdoti
716 3515 834 3593 ungenti
846 3534 853 3583 ;
869 3532 956 3588 quem
970 3514 1104 3573 omittere
1120 3513 1199 3590 culpa

113 3609 223 3671 videtur
243 3612 371 3682 venialis,
386 3611 437 3670 sed
458 3614 533 3691 apud
555 3633 609 3673 nos
629 3616 678 3674 vix
699 3616 798 3675 haberi
819 3623 922 3691 potest,
936 3613 1060 3687 ideoque
1082 3614 1199 3674 omissio

113 3713 281 3771 necessitate
295 3722 458 3772 excusatur.

155 3817 201 3871 10.
223 3813 307 3871 Ritus
322 3815 503 3891 praescriptus
518 3821 645 3872 accurate
659 3812 817 3873 servandus
831 3821 884 3871 est.
926 3810 1007 3870 Dicit
1025 3811 1059 3870 S.
1074 3811 1199 3891 Alphon·

113 3929 162 3969 sus
175 3922 282 3972 certum
296 3932 360 3971 esse
373 3915 497 3991 graviter
508 3931 628 3990 peccare
641 3913 818 3973 sacerdotem
839 3911 888 3986 qui
901 3920 983 3971 extra
1001 3913 1198 3971 necessitatem

112 4012 185 4070 stola
197 4022 226 4070 et
240 4013 450 4092 superpelliceo
463 4013 493 4073 in
509 4012 644 4093 ungendo
661 4022 768 4092 egroto
779 4031 839 4074 non
850 4013 953 4071 utitur:
975 4020 1111 4073 caeterum
1128 4005 1199 4089 apud

148 4175 190 4239 (l)
210 4172 330 4223 clement
342 4175 361 4223 1.
377 4174 406 4224 de
412 4174 532 4242 privileg.
646 4169 1167 4242 (u)1ncap.Quaesivi,decsro.rtgatfis

147 4258 189 4322 (3)
209 4257 238 4306 L.
249 4258 282 4306 ir.
293 4263 378 4309 eontra
386 4263 457 4324 gent.
468 4275 489 4310 c.
501 4261 568 4309 lxxv.
646 4261 688 4325 (4)
708 4259 772 4309 Vide
783 4258 810 4308 S.
821 4256 896 4322 Alph.
907 4257 924 4308 l.
935 4255 967 4304 vi.
978 4271 1005 4304 n.
1016 4257 1076 4306 724.

148 4342 190 4405 (5)
210 4340 297 4404 Suppl.
309 4341 342 4391 iii.
353 4357 377 4405 p.
389 4357 430 4404 qu.
441 4342 642 4392 xxix.art.ii.sd
654 4345 678 4391 3.
893 4341 935 4407 (6)
953 4337 984 4389 L.
998 4338 1066 4390 vin.
1078 4341 1136 4388 724.
