2640 4860
109 362 145 416 18
290 352 347 413 DE
368 347 677 414 MINISTRANDIS
698 345 1011 412 sacramentis

109 520 297 582 matrimoniis
308 519 502 587 clandestinis,
515 520 666 595 presentia
687 516 850 596 parochiad
861 517 1022 576 firmitatem
1037 525 1202 576 contractus

108 639 168 681 nou
180 619 343 693 requiritur,
364 629 393 677 et
414 618 499 677 facile
520 628 682 687 excusatur,
703 619 753 691 qui
772 626 942 695 presentem
962 635 995 674 se
1014 617 1101 686 sistit,
1116 633 1155 674 ue
1168 612 1203 672 ad

111 720 303 795 magistratus,
325 718 369 777 vel
389 735 536 795 precones
556 717 714 785 hereticos,
735 735 767 774 se
787 716 944 784 conserant,
965 716 1011 774 vel
1030 717 1062 775 in
1085 723 1204 793 peccato

110 826 311 896 perseverent:
333 816 384 875 sed
398 814 601 876 commonendi
614 827 689 884 sunt,
709 825 741 874 ut
753 814 916 874 confitendo
929 815 1040 882 saltem,
1054 815 1202 873 ueletiam

112 916 314 976 communione
335 916 519 993 suscipienda
537 934 569 973 se
589 924 697 990 parent.
739 914 800 991 Ipsi
820 913 1031 982 contrahentes,
1053 915 1105 986 qui
1120 914 1204 991 juxta

111 1026 253 1092 receptam
267 1016 436 1074 seutentiam
450 1015 571 1073 ministri
590 1022 657 1071 sunt
676 1014 856 1080 sacramenti,
876 1013 981 1072 debent
998 1030 1097 1070 curare
1119 1021 1152 1070 ut
1168 1009 1204 1069 ad

113 1116 232 1193 gratiam
245 1112 459 1192 suscipiendam
474 1112 675 1189 disponantur:
697 1110 774 1185 quod
783 1112 809 1169 si
822 1111 952 1170 alteruter
961 1120 1085 1184 nequeat
1093 1111 1202 1178 induci,

113 1216 255 1274 innocens
281 1232 340 1274 non
360 1214 426 1272 ideo
446 1220 491 1269 est
515 1211 668 1287 privandus
689 1212 756 1288 jure
775 1210 893 1269 ineundi
917 1210 1101 1270 matrimonii.
1144 1209 1205 1268 Ubi

113 1316 206 1375 obstat
218 1331 339 1371 censura
351 1308 554 1377 ecclesiastica,
576 1327 610 1366 v:
626 1329 661 1388 g:
684 1311 944 1369 excommunicatio
965 1309 1077 1368 Liberis
1097 1310 1206 1369 Murat-

114 1413 210 1474 oribus
236 1412 367 1489 irrogata,
393 1409 506 1487 gravior
531 1407 609 1483 exigi
634 1407 745 1467 videtur
770 1427 857 1467 causa
880 1417 912 1466 ut
929 1409 1014 1468 liceat
1038 1407 1152 1467 homini
1172 1426 1206 1466 ea

114 1513 221 1570 irretito
234 1510 350 1578 nubere,
365 1508 416 1568 sed
428 1525 518 1581 quum
532 1507 686 1569 concilium
701 1505 921 1567 Constantiense
934 1507 1085 1567 indulserit
1099 1514 1118 1543 ‘⁶
1129 1506 1208 1581 quod

114 1628 200 1668 uerno
213 1607 349 1685 deinceps
372 1628 388 1666 a
408 1607 610 1664 communione
642 1606 763 1685 alicujus
782 1608 812 1665 iu
834 1616 1076 1666 sacramentorum
1097 1605 1207 1666 admin-

114 1709 270 1775 istratione,
304 1708 350 1766 vel
377 1702 590 1783 receptione,’'²
615 1714 742 1764 teneatur
767 1707 917 1774 abstinere,
944 1706 993 1779 qui
1018 1705 1130 1763 scilicet
1148 1723 1206 1764 non

113 1800 205 1867 luerit'
218 1807 387 1866 nominatim
410 1805 602 1873 denuntiatus,
622 1806 668 1863 vel
698 1806 824 1864 notorius
857 1804 955 1863 clerici
980 1822 1143 1880 percussor,
1167 1804 1206 1862 vi·

116 1907 198 1966 detur
219 1908 350 1967 excusari
368 1925 431 1981 quae
448 1906 513 1982 jure
534 1903 652 1961 naturali
665 1901 791 1960 nubendi
803 1904 899 1970 utitur,
920 1902 1077 1962 dummodo
1091 1901 1207 1961 aliunde

117 2026 177 2067 non
197 2025 229 2064 se
249 2008 364 2084 objiciat
388 2002 546 2063 discrimini
571 1999 640 2058 fidei
667 2000 838 2069 amittenda,
864 2002 911 2060 vel
936 2001 1026 2078 prolis
1053 2000 1207 2061 educandae

116 2106 217 2181 impie,
243 2113 323 2179 patre
348 2103 445 2159 forsan
471 2097 590 2157 infideli.
644 2097 717 2164 Quae
744 2099 834 2157 mixta
858 2099 990 2159 dicuntur
1014 2102 1207 2168 matrimonia,

116 2203 202 2259 altera
216 2208 295 2276 parte
304 2199 446 2265 haeretica,
460 2215 513 2273 per
522 2215 554 2254 se
568 2197 674 2256 idcirco
685 2197 783 2256 illicita
790 2198 961 2274 plerumque
975 2209 1058 2258 suntc
1073 2210 1207 2282 caetemm

117 2298 254 2376 appositis
280 2296 490 2356 conditionibus
517 2302 581 2369 quae
613 2296 771 2372 periculum
797 2297 989 2373 perversionis
1021 2299 1136 2368 tollunt,
1170 2316 1208 2356 ex

117 2398 331 2475 dispensatione
349 2396 452 2454 licent:
474 2404 503 2454 et
523 2395 591 2454 satis
611 2404 784 2458 excusantur
805 2415 822 2454 a
841 2395 926 2475 eulpa
944 2397 1063 2474 parochi
1090 2399 1139 2471 qul
1166 2399 1207 2456 eis

117 2490 278 2556 assistunt²
685 2518 688 2524 ⁴

156 2602 206 2658 37.
228 2597 331 2656 Utmm
344 2597 494 2672 aliquando
506 2599 590 2658 liceat
601 2601 770 2658 sacramenti
779 2599 1053 2658 administrationem
1064 2600 1207 2666 simulare,

117 2699 205 2771 queri
215 2698 297 2757 solet.
319 2699 366 2756 Ea
378 2699 413 2757 de
425 2708 462 2756 re¹
470 2697 600 2758 damnata
613 2707 656 2756 est
668 2700 703 2756 ab
716 2699 947 2757 InnocentioXI.
960 2700 1120 2776 propositio
1128 2699 1206 2757 haec:

118 2805 246 2875 “urgens
255 2807 347 2856 metus
356 2798 449 2875 gravis
458 2807 502 2855 est
510 2799 678 2876 causajusta
686 2806 926 2857 sacramentorum
937 2796 1209 2856 administrationem

116 2893 317 2957 simulandi.³”
332 2897 473 2957 Doctores
481 2897 598 2974 insuper
607 2899 781 2956 conveniunt
791 2906 957 2970 “nunquam
966 2915 1029 2956 esse
1039 2897 1149 2955 licitum
1161 2899 1207 2953 10.

117 2998 242 3074 prolerre
255 2997 316 3056 sine
329 2999 485 3057 intentione
506 3000 591 3056 verba
604 2998 825 3056 consecrationis
839 3014 925 3072 supra
937 3015 1052 3072 panem,
1066 3005 1115 3054 aut
1128 2996 1209 3054 abso·

117 3096 232 3154 lotionis
247 3114 333 3172 supra
346 3097 564 3173 indispositum:
586 3100 636 3153 20.
654 3096 776 3155 hostiam
796 3114 854 3154 non
868 3105 1063 3154 consecratam
1076 3115 1130 3172 pro
1143 3113 1209 3154 con·

118 3203 226 3250 sacrata
239 3193 384 3268 praebere:
405 3199 455 3252 30.
477 3193 618 3250 celebrare
631 3184 765 3263 Missam,
776 3212 834 3252 nou
854 3193 1026 3270 proferendo
1045 3196 1133 3253 verba
1145 3212 1211 3252 oen·

119 3289 318 3350 secretionis.”
359 3291 403 3351 Ita
424 3291 456 3348 S.
476 3283 670 3367 Alphonsus.⁴
709 3291 772 3350 Imo
785 3293 815 3350 in
837 3294 902 3371 jure
916 3295 1054 3353 canonico
1066 3293 1210 3370 legimus:

119 3389 215 3448 “licet
233 3391 270 3457 is,
291 3390 341 3461 qui
367 3408 419 3466 pro
438 3391 484 3448 sui
509 3389 637 3447 criminis
663 3391 840 3450 couscientia
859 3402 971 3469 reputat
993 3411 1024 3450 se
1047 3391 1208 3470 indignum,

119 3498 218 3566 peccet
237 3487 367 3566 graviter,
389 3488 414 3545 si
431 3506 466 3545 se
485 3488 594 3565 ingerat
612 3489 796 3551 irreverenter
816 3490 851 3549 ad
873 3491 954 3561 illud,
976 3490 1089 3569 gravius
1115 3500 1210 3551 tamen

119 3585 230 3645 videtur
242 3585 398 3654 offendere,
412 3587 463 3660 qui
476 3587 518 3644 sic
532 3587 725 3648 fraudulenter
737 3589 807 3649 illud
820 3592 1035 3669 presumpserit
1057 3591 1209 3650 simulare:

119 3705 186 3746 oum
200 3685 248 3746 ille
262 3687 293 3744 in
312 3685 401 3744 solius
422 3685 613 3748 misericordis
634 3687 692 3745 Dei
711 3707 829 3757 manum
852 3689 967 3758 incidat,
989 3690 1041 3748 iste
1064 3688 1132 3748 vero
1153 3709 1211 3749 nou

119 3788 213 3847 solum
225 3786 301 3855 Deo,
317 3786 363 3844 cui
376 3805 433 3844 non
456 3794 569 3844 veretur
591 3784 718 3856 illudere,
732 3786 783 3846 sed
802 3790 910 3867 populo
933 3807 1018 3864 quem
1040 3788 1158 3867 decipit,
1179 3807 1210 3846 se

119 3881 324 3967 adstringat.'’⁴
829 3915 831 3919 .

160 3990 209 4052 38,
230 3988 314 4046 Licet
326 3995 421 4045 tamen
435 3985 589 4044 orationem
604 3984 728 4058 aliquam
752 3986 868 4045 recitare
889 3997 917 4051 et
930 4006 1016 4050 mauu
1029 3985 1210 4054 benedicere,

155 4143 199 4208 (ι)
219 4104 460 4195 eonscMarrmiv.
477 4143 652 4197 ramnum.
840 4146 882 4213 (a)
902 4146 1175 4211 amputasse.

157 4225 199 4291 (3)
219 4225 291 4295 Prop.
303 4227 371 4281 xxix.
840 4231 884 4297 (4)
904 4229 934 4285 L.
945 4231 977 4285 vi,
987 4246 1013 4282 rr.
1025 4231 1066 4285 59.

421 4313 463 4382 (5)
484 4312 514 4363 (λ’
526 4313 555 4365 dc
566 4313 665 4370 lentim
674 4315 715 4366 vii.
726 4313 756 4366 de
766 4311 809 4366 rel.
820 4313 890 4368 titre.
