2640 4860
448 390 590 453 CAPUT
611 391 794 453 UNIOUM.
1083 401 1143 458 273

49 558 188 618 sacerdos
202 557 268 617 dare
282 567 377 636 potest
389 568 534 618 tonsuram
547 568 577 618 et
597 559 713 619 ordines
733 560 869 627 minores,
883 561 943 619 imo
956 569 986 618 et
997 560 1143 622 subdiaco-

51 669 171 726 natum3
199 676 262 732 quae
284 658 404 716 facultas
427 660 576 717 consuevit
597 659 741 718 abbatibus
761 658 889 718 concedi.
931 660 1019 719 Multi
1038 672 1144 739 negant

51 756 195 815 sacerdoti
208 758 292 815 tribui
305 775 392 834 posse
412 766 582 835 potestatem
602 758 781 817 diaconatum
805 756 979 816 conferendi.
1022 758 1144 819 Constat

52 856 175 923 nemini,
198 857 248 927 qui
270 857 424 932 episcopus
447 875 505 914 non
528 857 575 924 sit,
596 856 656 914 dari
678 873 764 933 posse
790 864 958 932 potestatem
978 858 1144 923 conferendi

52 953 255 1023 sacerdotium,
270 954 316 1012 vel
329 955 545 1032 episcopatum:
567 955 598 1013 id
617 956 694 1014 enim
714 963 852 1033 perpetua
868 955 1009 1014 Ecclesiae
1023 975 1143 1017 consue·

55 1054 125 1112 tudo
138 1062 168 1110 et
180 1053 293 1111 traditio
307 1053 399 1112 docet.

98 1157 146 1209 12.
168 1150 215 1209 Ad
234 1153 431 1228 episcopatum
450 1152 655 1211 conserendum
675 1171 713 1210 ex
731 1141 799 1229 lege*
815 1151 956 1210 Ecclesiae
977 1161 1032 1210 tres
1051 1159 1146 1230 requi·

55 1260 157 1309 rnntur
169 1251 316 1327 episcopi:
338 1251 567 1328 “episcopum''
583 1252 714 1325 inquiunt
734 1252 848 1310 Nicaeni
867 1261 960 1328 patres
982 1257 1146 1314 “convenit

55 1350 184 1407 maxime
198 1348 312 1423 quidem
327 1350 361 1406 ab
374 1350 505 1407 omnibus
519 1351 645 1422 quisunt
658 1352 688 1408 in
698 1351 844 1427 provincia
855 1350 999 1427 episcopis
1010 1352 1144 1413 ordinari.

55 1448 88 1506 Si
104 1457 199 1506 autem
213 1449 268 1506 hoc
283 1447 399 1506 difficile
412 1447 505 1515 fuerit,
520 1459 568 1507 aut
580 1458 695 1526 propter
707 1450 859 1509 instantem
873 1451 1083 1519 necessitatem,
1098 1461 1146 1510 aut

54 1555 173 1623 propter
186 1547 295 1605 itineris
307 1545 515 1624 longitudinem
527 1567 536 1616 ς
558 1549 645 1606 tribus
666 1557 760 1607 tamen
779 1548 952 1608 omnimodis
965 1549 1148 1628 inidipsum

56 1644 302 1713 convenientibus,
317 1654 384 1704 tunc
397 1646 537 1705 ordinatio
550 1643 755 1705 celebretur.”¹
796 1647 935 1705 Sufficere
951 1657 1045 1707 tamen
1057 1668 1147 1708 unum

55 1745 226 1821 episcopum
239 1753 271 1802 ut
283 1745 374 1802 valcat
386 1746 572 1810 consecratio.
588 1745 718 1822 plurimis
736 1748 871 1822 probatur
883 1747 1146 1823 dispensationibus

57 1842 212 1920 pontificiis
237 1844 356 1901 vetustis
382 1856 411 1901 et
441 1829 656 1913 sonantioribus,
683 1845 804 1918 aliisque
834 1854 962 1903 veterum
993 1847 1146 1924 exemplis.

58 1941 260 2001 Theodoretus
275 1951 389 2000 testatur
402 1942 559 2020 Evagrium
573 1954 769 2002 consecratum
783 1943 872 2001 fuisse
886 1944 1054 2022 episcopum
1068 1946 1148 2003 Auti-

54 2040 198 2100 oohenum
220 2060 236 2097 a
255 2041 317 2100 solo
338 2041 470 2110 Paulino,
486 2061 571 2115 quarn
592 2053 687 2100 tamen
707 2043 918 2100 ordinationem
937 2051 1026 2101 ratam
1046 2044 1145 2101 habuit

58 2140 193 2198 Ecclesia
217 2141 247 2198 in
267 2140 388 2217 Synodo
415 2133 572 2199 Romana.2
612 2141 757 2215 Equidem
778 2160 914 2210 canones,
935 2143 1038 2214 quibus
1064 2143 1149 2200 trium

58 2239 260 2315 episcoporum
289 2257 376 2315 opera
401 2241 535 2316 exigitur,
556 2240 716 2300 concedunt
741 2251 773 2300 ut
797 2241 966 2299 necessitate
992 2250 1109 2320 urgente
1132 2260 1150 2298 a

59 2337 170 2394 duobus
181 2338 335 2413 episcopus
345 2332 515 2395 ordinetur.³
554 2337 689 2414 Pelagius
701 2339 836 2398 Pontifex
847 2358 863 2396 a
873 2338 982 2398 duobus
992 2340 1148 2417 episcopis,

58 2436 230 2512 presbytero
250 2435 415 2504 adsistente,
431 2445 612 2494 consecratus
626 2447 679 2504 est,
693 2438 734 2494 uti
746 2438 830 2495 refert
850 2437 1020 2497 Anastasius
1040 2438 1150 2497 Biblio-

60 2535 205 2593 thecarius
218 2535 248 2592 iu
262 2537 324 2613 ejus
337 2535 404 2592 vita.
446 2535 603 2593 Dioscorus
617 2534 826 2592 Alexandrinus
840 2554 857 2591 a
870 2535 982 2594 duobus
1003 2537 1148 2613 episcopis

59 2652 165 2691 munus
187 2633 410 2692 consecrationis
430 2627 582 2708 suscepit.⁴
620 2632 749 2689 Siderius
769 2633 937 2690 Palaebiscae
957 2634 1112 2708 episcopus
1133 2651 1150 2689 a

59 2731 187 2789 Philone
214 2730 377 2808 Cyrenensi
398 2730 461 2789 solo
487 2729 632 2789 ordinatus
653 2724 722 2788 est-⁵
760 2731 923 2806 Augustino
949 2732 1091 2788 concessit
1116 2730 1148 2787 S.

61 2830 222 2907 Gregorius
248 2831 293 2888 M.
320 2830 474 2905 episcopos
508 2828 637 2887 ordinare
663 2829 770 2901 absque
795 2828 916 2887 aliorum
949 2829 1150 2905 episcoporum

59 2947 166 3006 opera:
190 2928 259 2986 “Et
279 2927 395 3001 quidem
416 2929 445 2984 iu
465 2928 624 3004 Anglorum
645 2927 775 2996 ecclesia,
789 2929 820 2985 in
840 2945 895 3000 qua
917 2925 1008 2984 adhuc
1027 2928 1107 2986 solus
1121 2935 1151 2984 tu

60 3028 217 3104 spiscopus
226 3027 373 3094 inveniris,
382 3026 513 3085 ordinare
523 3027 693 3103 episcopum
706 3044 764 3083 non
776 3027 857 3084 aliter
865 3025 921 3084 nisi
934 3026 996 3083 sine
1005 3026 1151 3102 episcopis

60 3119 194 3204 potes.'’⁶
233 3126 312 3184 Dicit
336 3125 467 3184 Thomas
481 3127 590 3193 Bruno‚
614 3121 766 3205 (Browne)
787 3125 982 3202 Anglioanus:
1011 3125 1152 3183 “Multos

63 3226 219 3302 episcopos
239 3225 365 3302 reperire
378 3233 422 3282 est
434 3227 468 3283 ab
481 3243 539 3283 uno
552 3225 616 3283 solo
636 3227 775 3303 episcopo
788 3222 942 3291 ordinatos,
958 3241 1079 3295 quorum
1093 3233 1154 3282 rata

62 3322 117 3383 fuit
135 3324 294 3393 ordinati03
316 3343 382 3383 cunr
405 3325 489 3383 talem
512 3323 718 3383 ordinationem
737 3324 820 3383 sedes
842 3324 974 3382 Romana
996 3324 1052 3383 sibi
1071 3328 1154 3396 quasi

61 3424 190 3500 speciale
202 3440 339 3493 προνομιον,
353 3431 381 3480 et
394 3423 609 3500 prerogativam
623 3424 748 3482 vindicet
759 3434 791 3481 ut
803 3442 840 3481 ex
854 3422 976 3482 concilio
989 3422 1130 3482 discimus
1143 3447 1151 3484 ε

63 3540 138 3581 unus
153 3522 307 3599 episcopus
321 3523 489 3599 episcopum
501 3540 560 3581 non
574 3521 694 3592 ordinet,
709 3532 829 3600 excepta
841 3524 963 3583 ecclesia
975 3519 1157 3583 Romana.‘’⁷

100 3690 142 3755 (1)
164 3687 228 3737 Gan.
239 3686 271 3736 iv.
538 3689 580 3754 (2)
601 3688 665 3763 Hist.
679 3688 747 3738 Eccl.
759 3689 775 3737 l.
784 3704 807 3736 v.
819 3704 840 3737 c.
852 3688 921 3737 xxiii.

101 3774 144 3838 (3)
166 3771 270 3821 constit.
282 3771 355 3820 Alex.
366 3788 387 3821 c.
398 3787 421 3820 v.
433 3771 498 3837 apud
508 3771 608 3822 Eochel.
619 3772 649 3822 de
662 3772 731 3821 Eccl.
742 3771 815 3821 Alex.
826 3771 886 3832 orig.

103 3858 146 3924 (4)
166 3856 231 3905 Vide
241 3856 310 3919 epist.
321 3857 489 3921 episcoporum
500 3856 574 3906 Ponti
585 3857 616 3906 ad
632 3855 742 3906 Leonem
758 3855 820 3919 Imp.
830 3854 896 3919 apud
907 3853 964 3903 Bin.
976 3851 1054 3903 Cone.
1065 3859 1083 3902 t.
1093 3853 1119 3903 ii.
1130 3869 1154 3917 p.

59 3942 124 4000 400.
135 3940 193 3991 edit
204 3956 244 3990 an.
259 3943 333 3991 1618.

104 4027 148 4093 (5)
168 4026 257 4090 Synes.
268 4027 337 4091 epist.
348 4026 416 4076 lxvii.
426 4041 451 4091 p.
461 4030 510 4076 210
522 4026 578 4077 edit.
591 4027 643 4077 Pet.

103 4111 146 4176 (6)
166 4109 242 4174 Apud
260 4109 320 4160 Bad.
337 4110 394 4160 hist.
411 4109 479 4161 Eoel.
496 4111 512 4160 l.
528 4110 545 4159 i.
562 4127 584 4160 e.
608 4109 684 4160 xxvii.
703 4107 845 4158 Lectionem
872 4111 1016 4172 propugnat,
1035 4112 1060 4155 et
1077 4121 1156 4156 unum

68 4194 178 4244 sufficere
188 4194 328 4260 episcopum
339 4194 445 4246 ostendit
454 4194 602 4258 Bavaregius
612 4193 639 4245 iu
649 4195 735 4244 Annot
745 4192 776 4244 sd
788 4191 851 4242 Gan.
864 4192 914 4256 Ap.
928 4191 946 4241 i.
972 4190 1036 4242 Vide
1046 4197 1071 4242 et
1082 4191 1158 4254 Bing-

68 4277 126 4326 h‘am
138 4277 213 4341 antiq.
224 4277 292 4328 Ecol.

105 4363 151 4429 (7)
173 4360 263 4412 Thom.
275 4360 351 4413 Brun.
358 4361 435 4428 judic.
445 4362 476 4414 de
488 4362 552 4414 Gan.
563 4368 588 4412 et
599 4362 782 4428 constuprat
792 4377 818 4412 n.
829 4360 897 4412 xviii.
