2640 4860
112 388 172 443 81⁰
388 380 447 440 DE
468 376 649 439 cumulis
669 376 921 438 GONJUGUM.

150 552 200 607 70.
222 546 256 605 Si
279 548 322 605 vir
338 548 400 624 jam
418 546 611 611 seminaverit,
626 544 733 605 semina
751 544 924 604 retrahendo
945 562 977 602 se
1000 564 1018 602 a
1040 543 1186 603 seminando

112 648 256 722 plerisque
266 645 376 704 videtur
386 665 505 722 peccare
512 645 663 712 lethaliter,
670 645 737 717 quia
743 645 826 720 juxta
836 645 935 720 plures
945 653 1098 717 utrumque
1108 661 1189 702 semen

112 745 148 803 ad
168 747 382 822 generationem
402 747 568 819 requiritur:
596 756 626 803 et
645 745 777 817 quamvis
797 744 961 803 verosimile
975 746 1015 802 sit
1034 763 1132 802 semen
1150 743 1190 800 viri

115 846 259 912 sufficere,
271 856 363 904 tamen
378 864 436 904 non
448 846 516 903 licet
522 846 691 920 opinionem
701 844 785 916 sequi
794 844 972 919 probabilem
983 843 1020 902 de
1029 844 1071 900 rei
1084 845 1192 910 veritate,

113 963 180 1003 enm
195 943 324 1022 periculo
334 943 430 1003 damni
442 944 537 1002 alieni.
581 952 601 980 ‘⁴
612 942 691 1000 Hinc
700 961 794 1015 neque
808 945 933 1018 practice
947 943 1095 1019 probabile
1103 952 1166 1020 puto
1174 939 1194 999 id

113 1044 191 1117 quod
205 1044 303 1102 dicunt
316 1042 448 1102 Sanehez
463 1053 491 1100 et
504 1044 611 1121 Sporer
625 1084 633 1100 .
649 1083 657 1099 .
673 1084 682 1100 .
695 1042 831 1100 nimirum
843 1060 930 1119 posse
941 1043 1094 1100 mulierem
1103 1044 1131 1100 in
1143 1049 1193 1100 actu

113 1145 205 1203 coitus
219 1143 346 1201 animum
357 1142 392 1200 ad
406 1143 460 1201 alia
472 1142 620 1208 divertere,
630 1159 666 1198 ne
680 1142 835 1200 concitetur
848 1142 884 1200 ad
897 1136 1165 1200 seminationem.”¹

153 1247 203 1302 71.
226 1242 290 1304 Vir,
310 1242 395 1319 juxta
415 1242 522 1319 plures,
542 1252 694 1318 postquam
714 1241 876 1309 seminavit,
897 1249 1012 1299 tenetur
1031 1258 1160 1307 uxorem,
1178 1239 1197 1296 si

115 1345 178 1419 ipsa
191 1360 248 1399 non
268 1342 460 1409 seminaverit,
474 1353 636 1417 expectare,
650 1351 682 1397 ut
701 1348 779 1397 aetus
791 1340 947 1417 generandi
962 1341 999 1398 sit
1014 1342 1140 1417 integer:
1160 1339 1197 1396 alii

113 1455 220 1518 negant
232 1458 298 1497 eum
312 1442 401 1498 teneri
413 1461 421 1497 ε
444 1450 463 1475 “
474 1440 634 1499 concedunt
645 1450 739 1497 tamen
750 1439 777 1495 ei
788 1457 872 1514 posse
885 1440 1058 1498 continuare
1067 1439 1197 1515 copulam,

113 1560 204 1613 usque
219 1538 287 1596 dum
300 1541 423 1599 seminet
436 1540 552 1607 femina,
567 1540 633 1612 quia
646 1539 702 1596 hoc
717 1539 840 1614 pertinet
852 1538 888 1596 ad
902 1539 1150 1616 complementum
1163 1555 1199 1595 eo

115 1641 189 1716 pulm
204 1634 353 1697 uxoris.’'²

153 1745 204 1798 72.
226 1738 259 1795 Si
275 1739 317 1795 vir
329 1757 361 1796 se
374 1738 498 1797 retrahat
511 1753 576 1815 post
595 1739 815 1795 seminationem
835 1755 928 1804 suam,
943 1736 995 1794 sed
1010 1748 1077 1795 ante
1090 1736 1200 1794 semina

114 1839 223 1897 tionem
243 1839 353 1906 uxoris,
368 1840 472 1915 poterit
491 1838 563 1905 haec,
574 1839 658 1915 juxta
678 1837 842 1912 plerosque,
856 1836 979 1894 tactibus
992 1855 1026 1894 se
1041 1836 1162 1894 excitare
1174 1833 1200 1892 nd

114 1937 327 2005 seminandum,
350 1938 416 2010 quia
436 1938 583 2009 utriusque
603 1937 755 1995 seminatio
776 1935 898 2012 pertinet
917 1934 953 1992 ad
972 1935 1099 1994 eundem
1120 1944 1200 1993 actum

114 2038 252 2114 conjugii.
295 2036 436 2094 “Omnes
450 2046 544 2095 autem
558 2035 720 2094 concedunt
732 2035 881 2107 uxoribus,
896 2053 963 2107 quae
977 2034 1134 2113 frigidioris
1148 2042 1202 2090 sunt

108 2149 227 2203 natura,
242 2153 328 2212 posse
342 2135 463 2192 tactibus
477 2154 510 2192 se
523 2135 649 2192 excitare
662 2144 726 2193 ante
740 2133 883 2211 copulam,
893 2142 924 2191 ut
936 2135 1085 2192 seminent
1097 2135 1126 2192 iu
1139 2151 1198 2191 con·

113 2252 215 2310 gressu
231 2233 351 2291 maritali
364 2234 459 2290 statim
474 2228 653 2290 habendo.'’³

153 2336 203 2391 73.
225 2332 330 2389 Peccat
342 2331 499 2389 mortaliter
513 2332 555 2389 vir
568 2331 702 2407 copulam
722 2332 885 2391 inchoando
899 2333 929 2390 in
943 2351 1012 2390 vase
1026 2343 1201 2410 praepostero,

114 2440 147 2488 ut
159 2441 259 2508 postea
271 2431 301 2489 in
314 2448 382 2487 vase
395 2430 492 2489 debito
506 2449 568 2488 eam
583 2440 774 2491 consummet.
816 2429 860 2489 lta
879 2431 1064 2489 communius
1079 2441 1108 2489 et
1120 2431 1202 2488 verius

115 2532 241 2589 sentiunt
254 2529 391 2607 theologi.
434 2529 549 2588 “Ratio
563 2532 630 2603 quia
643 2531 705 2607 ipse
727 2529 894 2605 hujusmodi
914 2531 1007 2588 coitus
1023 2529 1091 2610 (etsi
1105 2531 1203 2602 absque

116 2628 317 2707 seminatione)
333 2640 376 2687 est
389 2648 455 2686 vera
468 2629 609 2696 sodomia,
624 2631 754 2702 quamvis
767 2647 824 2687 uon
839 2638 1048 2697 consummata,
1062 2630 1203 2704 sicutipse

116 2731 219 2806 copula
233 2731 262 2788 in
276 2748 343 2787 vase
357 2729 476 2787 naturali
491 2729 618 2786 mulieris
639 2729 738 2786 alienae
754 2737 798 2786 est
818 2747 885 2786 vera
898 2727 1060 2797 fornicatio,
1074 2729 1143 2787 licet
1154 2744 1204 2784 non

115 2828 189 2887 adsit
208 2829 394 2888 seminatio.''
437 2829 539 2886 Virilia
560 2828 711 2904 perfricare
725 2829 800 2886 circa
815 2846 865 2885 vas
886 2837 1096 2903 preposterum
1112 2826 1203 2885 uxoris

115 2940 159 2985 est
178 2930 262 2986 etiam
283 2928 416 2987 mortale!
439 2930 541 2986 “ratio
562 2936 606 2984 est
628 2928 696 2999 quia
719 2927 817 2986 saltem
842 2927 905 2984 talis
927 2936 1017 2984 tactus
1036 2946 1097 2986 non
1120 2930 1206 3004 potest

117 3028 261 3085 moraliter
275 3028 337 3087 fieri
351 3029 413 3086 sine
428 3028 529 3085 affectu
543 3021 760 3085 sodomitico.”⁵

155 3132 205 3185 74.
229 3128 297 3185 Νοη
317 3128 384 3185 lieet
404 3127 571 3202 plerumque
598 3127 729 3200 copulam
753 3125 867 3192 habere,
883 3142 948 3182 cum
963 3125 1028 3181 vna
1053 3125 1099 3182 vel
1121 3122 1204 3182 morbi

115 3225 254 3299 gravioris
264 3226 403 3301 periculo,
419 3227 482 3293 sibi,
498 3225 543 3282 vel
565 3225 692 3300 conjugi.
734 3222 879 3296 Equidem
894 3222 1009 3297 quando
1023 3224 1060 3282 de
1081 3222 1204 3300 conjugis

116 3323 242 3397 periculo
256 3325 357 3400 agitur,
372 3325 396 3381 si
410 3326 504 3398 gravis
518 3324 555 3381 sit
568 3342 654 3381 causa
666 3322 781 3400 petendi
795 3322 890 3389 debiti,
905 3322 1066 3398 perieulum
1081 3321 1171 3380 mauis
1196 3350 1205 3362 ·

116 3419 231 3477 tandum
255 3433 300 3479 est
325 3441 360 3478 ne
382 3423 489 3497 conjux
506 3423 611 3480 invitus
628 3422 762 3480 damnum
783 3421 911 3498 patiatur.
959 3421 994 3479 Si
1020 3423 1087 3494 quis
1108 3421 1204 3479 morbo

116 3537 238 3576 venereo
256 3521 372 3586 laboret,
387 3519 471 3577 debet
493 3521 663 3578 abstinere'a
685 3522 800 3598 copula,
816 3520 861 3579 vel
885 3539 1004 3578 uxorem
1028 3539 1158 3587 monere,
1172 3536 1204 3577 ne

114 3618 219 3697 injuria
232 3620 258 3678 ei
272 3620 321 3677 fiat
335 3619 439 3678 invitae.
475 3620 507 3678 Si
519 3629 611 3678 autem
624 3621 779 3696 periculum
794 3628 932 3679 remotum
947 3620 993 3687 sit,
1008 3621 1088 3692 quod
1102 3620 1206 3678 scilicet

115 3720 146 3777 in
160 3730 241 3796 partu
260 3721 441 3797 periclitetur,
456 3721 502 3778 vel
524 3719 600 3793 quod
622 3719 754 3778 valetudo
770 3721 830 3796 jam
848 3720 961 3778 infirma
980 3717 1122 3791 frequenti
1144 3736 1206 3776 cou-

116 3838 217 3896 gressu
231 3821 387 3899 frangenda
400 3840 517 3897 prorsus
531 3823 577 3887 sit,
592 3820 703 3878 videtur
716 3821 812 3886 licere,
827 3819 962 3891 quiahoc
977 3818 1065 3876 veluti
1075 3817 1206 3895 conjugio

114 3919 245 3988 inhaeret,
260 3932 289 3980 et
302 3940 387 3999 grave
401 3921 475 3980 soret
488 3942 504 3980 a
516 3921 619 3997 copula
632 3929 770 3997 perpetuo
784 3918 933 3977 abstinere.
955 3916 1085 3994 Oonjugi
1098 3935 1203 3978 morem

115 4018 187 4093 gerit
206 4040 280 4079 uxor
299 4024 408 4095 absque
428 4022 522 4097 culpa,
536 4031 568 4079 ut
589 4040 654 4079 eum
676 4039 692 4077 a
711 4018 916 4078 consuetudine
936 4035 1023 4094 prava
1044 4026 1159 4084 avertat,
1178 4024 1206 4072 et

250 4243 292 4306 (l)
312 4240 342 4290 L.
352 4242 385 4290 vi.
398 4258 423 4291 n.
435 4245 493 4291 918.
833 4242 876 4307 (2)
895 4239 995 4290 Ibidem.

255 4326 297 4389 (³)
316 4325 416 4386 Ibidem,
427 4329 520 4376 n·⁹1⁹.
834 4327 877 4392 (4)
896 4323 996 4384 niuem,
1011 4339 1037 4374 n.
1049 4324 1107 4372 oro.
