2640 4860
174 400 234 456 230
431 393 488 453 DE
509 392 695 452 MUNERE
717 389 1009 452 CONFESSARII.

174 563 279 622 danrno
299 561 385 619 etiam
403 558 522 629 dubitet,
544 558 763 661 precavendum
784 559 894 617 videtur
913 559 1072 635 pericnlum
1087 559 1199 636 peccati
1213 557 1282 643 for·-

174 660 268 720 malis.

213 763 284 817 225.
307 758 410 817 Utrum
424 758 545 816 idoneus
558 757 706 816 habendus
727 757 764 815 sit
778 758 870 815 veniae
884 774 969 829 quem
984 756 1065 814 nulla
1077 744 1192 814 mordet
1204 774 1266 814 con·

174 859 293 917 seientia
307 859 426 934 peccati,
441 857 571 929 quamvis
585 857 788 915 verosimiliter
801 855 877 915 haud
890 857 1140 932 obtemperaturus
1153 857 1193 914 sit
1204 872 1266 913 oon·

174 958 296 1017 fessario
310 958 438 1016 monenti
457 966 489 1013 ut
503 955 739 1015 consuetudinem
759 955 893 1023 declinet,
915 956 960 1014 vel
981 973 1087 1013 munus
1102 963 1265 1028 exequatur,

174 1056 295 1116 dubitari
308 1065 410 1132 potest.
453 1056 502 1114 Sic
517 1058 566 1129 qui
581 1074 679 1114 amore
699 1054 779 1113 licito
799 1054 913 1113 mulieri
932 1072 1018 1127 quam
1032 1063 1115 1131 putat
1127 1072 1210 1113 suam
1223 1052 1266 1110 ad·

174 1157 264 1215 haeret
276 1157 306 1214 in
319 1175 454 1233 magnum
478 1155 597 1213 effectus
620 1163 648 1212 et
667 1154 805 1213 consortii
824 1153 915 1212 illiciti
935 1153 1093 1213 discrimen
1112 1152 1266 1219 adducitur,

175 1254 382 1332 impedimento
404 1253 526 1322 detecto,
551 1253 628 1327 quod
648 1255 810 1312 nullatenus
823 1254 1034 1329 suspicabatur.
1076 1252 1207 1311 Fuerunt
1220 1253 1266 1326 qui

175 1354 302 1413 dicerent
314 1373 379 1414 eum
393 1356 556 1413 necessario
567 1353 665 1412 dolore
679 1364 707 1411 et
720 1354 808 1413 animi
818 1354 967 1431 proposito
980 1370 1091 1420 carere,
1103 1369 1191 1425 quem
1204 1369 1268 1410 con·

175 1455 312 1513 fessarius
326 1454 526 1512 verosimiliter
540 1455 660 1511 aestimat
669 1454 785 1512 monitis
795 1454 978 1511 restiturum:
993 1453 1045 1510 sed
1055 1451 1214 1510 humanius
1230 1461 1270 1508 est

176 1564 205 1612 et
212 1554 321 1626 aequius
332 1553 515 1630 poenitentem
522 1552 652 1630 judicare
663 1572 701 1611 ex
710 1553 844 1630 praesenti
852 1553 942 1611 enimi
950 1552 1086 1620 consilio,
1096 1560 1268 1628 quapropter

175 1655 200 1711 si
214 1663 329 1729 respuat
342 1652 481 1726 quicquid
493 1654 606 1711 noverit
617 1653 721 1711 divina
735 1653 792 1729 legi
802 1651 956 1721 adversari,
969 1651 1055 1709 venia
1064 1651 1092 1710 ei
1106 1648 1269 1728 deneganda

175 1769 233 1810 non
247 1761 299 1819 est,
314 1753 478 1829 conjectura
491 1762 598 1810 temere
612 1761 735 1828 sumpta.
770 1750 1001 1810 “Confessarius
1014 1769 1075 1810 non
1089 1749 1176 1808 debet
1188 1758 1270 1808 atten-

177 1849 243 1911 dere
258 1850 294 1908 ad
306 1851 555 1928 indispositionem
570 1853 809 1927 interpretativum
824 1870 909 1924 qnam
923 1851 1064 1930 poenitens
1078 1849 1206 1917 haberet,
1220 1846 1267 1906 sed

177 1949 212 2008 ad
226 1951 364 2009 actualem
378 1969 464 2024 quam
477 1970 551 2009 nunc
564 1949 659 2008 habet.
700 1951 740 2008 Et
759 1950 835 2018 ideo,
856 1951 930 2009 sicut
949 1967 1006 2007 non
1027 1949 1096 2008 licet
1108 1950 1268 2026 proximum

177 2067 321 2126 exponere
336 2049 371 2106 ad
384 2051 564 2108 occasionem
578 2051 607 2107 in
621 2068 678 2122 qua
690 2051 803 2126 positus
823 2049 870 2107 illc
884 2048 1094 2116 succumberet,
1108 2049 1149 2106 ita
1161 2049 1268 2107 confes·

177 2150 279 2216 sarius,
294 2168 358 2207 cum
373 2149 511 2225 praevidet
522 2167 560 2206 ex
574 2149 730 2206 monitione
743 2149 855 2207 ruinam
868 2149 1044 2226 poenitentis,
1065 2157 1180 2206 tenetur
1192 2147 1226 2205 ab
1237 2165 1269 2204 es

178 2247 329 2314 abstinere,
341 2257 403 2305 esto
423 2248 564 2322 poenitens
589 2247 793 2320 relinquendus
818 2249 856 2306 sit
875 2249 904 2306 in
930 2258 1049 2324 peccato
1070 2247 1222 2313 materiali,
1235 2263 1268 2303 eo

177 2343 256 2417 quod
279 2364 367 2404 unum
389 2356 537 2422 peccatum
562 2347 681 2405 formale
701 2349 836 2406 omnibus
856 2346 1054 2425 preponderat
1079 2346 1269 2406 materialibus

177 2439 350 2519 peccatis.'’¹

375 2683 400 2756 §.
422 2682 475 2739 lV.
518 2682 566 2740 Da
589 2701 793 2741 rronnnmmrr
813 2701 984 2742 ormroumn
1004 2703 1068 2742 usu.
1111 2690 1115 2697 ’

218 2861 288 2914 226.
311 2856 359 2914 Ex
373 2856 408 2912 iis
423 2875 485 2928 quae
499 2856 535 2914 de
549 2856 737 2933 probabilium
758 2856 928 2930 opinionum
942 2874 994 2913 usu
1019 2854 1168 2928 moderato
1191 2852 1272 2911 tradi·

179 2956 282 3022 dimus,
310 2956 399 3027 liquet
418 2955 621 3014 confessarium
643 2973 729 3031 posse
744 2956 890 3030 poenitenti
911 2957 1116 3013 sententiarum
1130 2954 1269 3012 delectum

178 3056 352 3130 permittere,
379 3054 534 3113 dummodo
554 3056 648 3131 gravis
669 3055 703 3111 iis
729 3054 823 3112 faveat
848 3055 995 3113 doctorum
1023 3054 1197 3112 auctoritas:
1219 3070 1270 3110 nec

179 3156 255 3212 enim
270 3156 298 3211 in
312 3154 445 3212 tribunali
467 3153 633 3212 dirimendae
648 3163 715 3210 sunt
735 3153 931 3230 theologorum
951 3153 1027 3220 lites,
1049 3153 1101 3212 sed
1122 3152 1271 3211 cousulen-

178 3253 246 3311 dum
261 3263 302 3309 est
316 3253 513 3328 poenitentium
528 3254 620 3320 saluti,
642 3254 678 3310 iis
693 3251 824 3311 adhibitis
839 3254 987 3310 sententiis
1008 3272 1072 3326 quae
1086 3253 1270 3329 poenitentem

180 3352 272 3426 magis
286 3370 302 3407 a
315 3361 433 3425 peccato
456 3361 486 3408 et
504 3352 602 3409 salutis
625 3352 792 3410 discrimine
806 3353 960 3411 retrahunt.
1003 3352 1186 3411 “Sententia
1197 3369 1270 3410 com·

179 3450 273 3506 munis
287 3459 315 3505 et
328 3449 507 3519 sequenda,”
523 3459 594 3508 teste
607 3452 639 3510 S.
654 3451 831 3527 Alphonsus,
848 3460 868 3487 “
878 3451 925 3510 dat
932 3470 990 3509 non
1002 3452 1096 3510 solum
1108 3469 1207 3528 posse,
1221 3447 1267 3506 sed

178 3549 264 3606 etiam
280 3549 369 3605 teneri
383 3550 437 3607 sub
451 3551 530 3625 gravi
544 3551 751 3608 confessarium
765 3551 911 3610 absolvere
925 3552 1121 3628 poenitentem,
1144 3551 1194 3623 qui
1216 3548 1270 3606 vult

179 3650 259 3721 sequi
274 3649 440 3725 opinionem
456 3650 641 3726 probabilem,
655 3651 724 3708 licet
737 3651 868 3726 opposita
880 3649 1007 3708 videatur
1019 3650 1195 3727 probabilior
1206 3666 1268 3708 eon·

178 3748 330 3808 scssario.’'
344 3791 351 3806 .
368 3791 376 3806 .
393 3792 400 3806 .
417 3749 531 3808 “Ratio
545 3759 639 3808 autem
659 3750 741 3807 valde
754 3768 861 3826 urgens
875 3750 960 3827 hujus
973 3751 1122 3807 sententiae
1136 3758 1191 3817 est,
1206 3748 1266 3821 qnia

179 3850 329 3925 poenitens,
344 3849 416 3906 lacta
429 3850 621 3917 confessione,
642 3868 708 3907 cum
729 3851 768 3907 sit
789 3849 955 3926 dispositus,
977 3848 1062 3907 habat
1082 3850 1212 3908 strictum
1221 3847 1264 3924 jus

179 3946 214 4004 ad
228 3949 443 4016 absolutionem,
458 3968 544 4022 quam
559 3948 727 4025 denegando
740 3948 931 4006 confessarius
945 3966 1060 4026 gravem
1081 3949 1126 4007 illi
1139 3947 1263 4025 injuriam

179 4047 324 4123 irrogaret,
340 4057 399 4106 turn
419 4051 486 4121 quia
499 4050 623 4124 privaret
641 4067 708 4106 eum
731 4048 820 4124 gratia
839 4045 1022 4114 sacramenti,
1046 4057 1107 4106 tum
1121 4048 1191 4120 quia
1202 4043 1261 4103 obli·

179 4156 257 4218 garet
270 4146 305 4202 ad
319 4165 454 4222 magnum
468 4167 541 4207 onus
555 4147 746 4214 subeundum,
761 4165 866 4226 nempe
880 4146 913 4205 ad
928 4145 1082 4223 repetenda
1096 4146 1172 4224 apud
1185 4144 1258 4202 aliun

552 4353 594 4417 (1)
614 4350 900 4416 snrpntvtnero.
