2640 4860
111 359 131 413 a
241 330 245 335 ’
397 350 454 411 nu
476 349 669 412 narrum
688 348 747 409 ur
766 312 924 409 rosus.

110 522 137 581 si
149 519 244 580 auimo
256 518 389 579 heretico
401 518 489 578 vellet
499 517 661 596 significare
675 535 741 576 eum
755 516 883 575 doctriua
895 523 1015 583 tantum,
1026 533 1086 574 non
1099 524 1201 581 morte,

109 621 192 681 nobis
206 619 357 698 profuisse.
392 619 457 678 “Si
470 615 628 686 intendat,”
643 617 736 690 inquit
745 616 778 675 S.
790 615 931 685 Thomas,
947 622 1028 692 “per
1035 613 1202 691 hujusmodi

111 719 284 779 additionem
297 719 343 777 vel
356 719 576 778 diminutionem
589 717 675 775 alium
689 717 773 775 ritum
793 713 938 783 inducere,
958 715 1009 787 qui
1030 733 1090 773 non
1110 716 1149 773 sit
1167 713 1200 770 ab

112 819 247 879 Ecclesia
258 826 401 897 receptus,
414 837 474 878 non
486 817 597 876 videtur
610 815 709 892 perfici
721 826 951 873 sacramentum:
972 814 1111 887 quianon
1124 811 1203 871 vide·

114 928 169 987 tur,
183 917 260 995 quod
272 916 398 977 intendat
410 918 502 977 iacere
523 917 552 976 id
565 914 643 989 quod
656 915 721 973 lacit
740 906 923 973 Ecclesia.’'¹
961 913 1134 989 Interruptio
1155 910 1203 969 ali·

111 1017 383 1092 quandoverborurn
396 1036 514 1077 sensum
527 1016 609 1082 tollit,
619 1014 734 1088 quando
747 1013 855 1097 sedicet
866 1012 1037 1090 prudentum
1051 1012 1202 1070 hominum
1235 998 1238 1003 ¹

108 1116 218 1195 judicio
231 1136 290 1177 non
304 1128 455 1178 censentur
467 1116 627 1193 conjuncta,
640 1115 683 1173 uti
696 1115 722 1172 si
735 1113 800 1187 quis
814 1112 987 1170 ablutionem
1006 1111 1116 1171 faciens
1130 1110 1204 1169 dice·

111 1227 172 1277 rot:
193 1218 327 1295 ‘baptizo
342 1228 368 1276 te
379 1218 398 1285 3’
412 1226 441 1275 et
454 1215 525 1274 ttrssi
538 1214 662 1291 longiori
682 1210 834 1289 impeditus
854 1213 971 1270 nonnisi
990 1220 1057 1289 post
1075 1210 1203 1270 medium

112 1314 295 1389 quadrantem
308 1324 543 1394 prosequeretur:
566 1320 573 1348 ‘
585 1313 616 1372 in
636 1313 752 1372 nomine
774 1311 879 1379 Patris,
893 1319 922 1369 et
943 1311 1023 1378 Filii,
1036 1319 1065 1367 et
1077 1310 1203 1388 Spiritus

113 1416 213 1475 Sancti
223 1412 260 1472 :⁹²
281 1414 333 1474 sed
346 1416 372 1474 si
384 1414 477 1473 brevis
491 1422 598 1472 tantum
612 1414 650 1470 sit
662 1412 840 1488 interruptio,
855 1427 890 1468 v:
912 1429 948 1486 g:
970 1409 1037 1468 dum
1051 1410 1133 1486 jubet
1145 1427 1203 1466 ma·

112 1515 191 1574 trina
212 1516 332 1592 capillos
355 1532 497 1592 separare,
527 1522 558 1569 ut
586 1531 660 1586 aqua
679 1513 709 1569 in
729 1519 824 1569 cutem
846 1508 954 1567 demitti
976 1509 1078 1578 valeat,
1100 1526 1203 1567 sensus

113 1622 218 1681 manet,
232 1632 321 1686 quum
334 1615 421 1672 verba
432 1620 603 1670 censeantur
616 1612 646 1671 in
658 1629 746 1669 unam
759 1609 928 1668 sententiam
943 1609 1031 1667 coire.
1064 1636 1067 1640 Δ

152 1714 182 1770 6.
205 1711 300 1775 Grave
313 1721 358 1770 est
370 1721 528 1789 peccatum,
549 1711 619 1785 quid
639 1720 745 1769 temere
758 1718 902 1776 attentare,
923 1708 1001 1781 quod
1021 1708 1146 1766 materiae
1161 1707 1205 1766 vel

113 1810 211 1869 lormae
225 1821 335 1889 spectet
356 1812 551 1882 substantiam,
572 1830 639 1870 nam
660 1810 778 1868 Christo
800 1808 964 1876 detrahitur,
985 1807 1048 1884 ejus
1068 1807 1204 1865 institutis

115 1911 146 1969 in
158 1912 269 1971 irritum
283 1913 390 1981 missis,
415 1920 444 1971 et
455 1911 589 1988 proximo
610 1909 642 1966 lit
654 1910 768 1985 injuria,
789 1908 839 1980 qui
860 1906 948 1984 gratia
962 1907 1133 1965 sacramenti
1146 1906 1205 1983 pri·

115 2021 204 2070 vatur.
248 2011 382 2070 Graviter
400 2011 485 2068 etiam
499 2015 632 2085 peccatur
644 2007 669 2064 si
683 2002 783 2080 aliqua
798 2005 948 2064 inducatur
965 2007 1085 2064 mutatio
1099 2005 1135 2064 de
1149 2024 1206 2079 qua
1236 2079 1238 2084 ,

114 2108 235 2167 dubitari
245 2110 439 2184 possitutrum
449 2106 633 2164 substantiam
646 2107 779 2183 attingat:
794 2125 848 2164 nec
856 2107 934 2166 euim
946 2106 1014 2163 licet
1022 2106 1093 2164 ritus
1102 2103 1205 2164 divini·

113 2215 158 2263 tus
172 2207 315 2265 institutos
328 2208 358 2265 in
371 2205 519 2265 hominum
533 2205 654 2264 salutem
667 2204 768 2264 dubios
781 2205 905 2265 efficere.
934 2205 1057 2264 Mutatio
1071 2205 1204 2264 notabilis

115 2303 244 2363 consulto
257 2303 339 2374 sacta,
361 2305 445 2363 etiam
465 2305 544 2363 salva
562 2305 728 2374 substantia,
740 2314 889 2382 peccatum
904 2323 988 2382 grave
1002 2313 1061 2373 est,
1082 2324 1149 2364 nam
1166 2313 1204 2362 te·

115 2420 191 2461 mere
206 2403 271 2478 quis
291 2405 322 2463 in
342 2423 373 2463 re
393 2405 463 2463 tanti
478 2405 617 2464 momenti
630 2406 758 2474 innovat,
772 2413 869 2463 contra
883 2405 1071 2462 reverentiam
1086 2403 1204 2462 Christo

117 2501 251 2572 debitam,
263 2504 288 2563 si
301 2513 399 2582 agatur
411 2503 446 2562 de
460 2524 500 2574 re,
514 2504 561 2562 vel
574 2505 676 2574 lorma,
692 2523 775 2579 quam
790 2505 852 2581 ipse
866 2503 1050 2581 praescripsit,
1064 2512 1094 2562 et
1105 2504 1205 2562 saltem

114 2612 212 2664 contra
232 2613 404 2682 praeceptum
427 2614 457 2662 et
475 2623 560 2662 usum
580 2604 732 2663 Ecclesiae.
775 2604 824 2661 Sic
847 2605 896 2676 qui
916 2603 1022 2660 diceret
1045 2601 1115 2661 dum
1135 2605 1204 2680 bap·

115 2702 199 2761 tizat:
223 2702 308 2764 ‘lavo
322 2713 348 2762 te
361 2705 391 2763 in
404 2705 522 2763 nomine
537 2703 696 2772 Genitoris,
712 2702 866 2773 Genitique
890 2710 918 2759 et
938 2701 1062 2777 Spiritus
1077 2702 1176 2760 Sancti
1185 2701 1203 2769 ς’

116 2803 239 2875 graviter
251 2811 398 2880 peccaret:
420 2812 449 2861 et
461 2805 591 2877 quicum
612 2803 705 2880 prima
724 2801 910 2879 impositione
933 2819 1069 2859 manuum
1083 2802 1114 2860 in
1127 2820 1205 2879 pres·

114 2899 209 2978 byteri
218 2901 407 2974 ordinatione,
419 2922 506 2978 quam
515 2923 572 2962 una
582 2922 646 2962 oum
655 2921 740 2981 prece
751 2901 882 2975 sequenti
892 2900 1038 2960 materiam
1047 2909 1075 2958 et
1084 2901 1206 2960 formam

114 3011 213 3081 putant
232 3003 370 3079 plerique,
392 3008 479 3065 verba
498 3007 697 3085 conjungeret,
720 3000 1003 3078 temeritatis-gravis
1026 3019 1092 3057 reus
1116 3001 1210 3068 soret,-

113 3119 202 3173 quum
216 3101 302 3158 vellet
314 3120 366 3161 suo
377 3105 492 3162 arbitrio
502 3104 654 3163 emendare
665 3112 693 3159 et
705 3103 840 3179 supplere
851 3102 936 3158 ritum
948 3100 1099 3158 Ecclesia.
1122 3098 1201 3158 Hine

115 3196 236 3257 Missale
269 3198 433 3258 Romanum
468 3200 503 3258 de
529 3200 693 3281 defectibus
710 3198 825 3279 formae
857 3199 1078 3257 consecrationis
1105 3217 1203 3276 agens,

115 3294 329 3356 animadvertit:
352 3297 406 3353 “si
428 3298 536 3371 aliquid
555 3298 679 3364 adderet,
701 3295 778 3370 quod
804 3296 1042 3372 significationem
1062 3316 1120 3356 non
1144 3317 1205 3356 mu·

115 3404 194 3462 taret,
209 3395 362 3452 conficeret
375 3395 503 3469 quidem,
515 3408 559 3453 set
568 3397 736 3473 gravissime
750 3395 914 3472 peccaret.”
956 3396 1038 3455 Idem
1051 3397 1205 3458 dicendum

115 3495 140 3551 si
169 3492 300 3550 consulto
323 3494 464 3552 omitteret
488 3495 617 3567 quadam
648 3495 750 3552 verba:
773 3513 807 3552 v:
823 3513 858 3570 g:
891 3503 937 3552 ‘et
957 3497 1208 3572 aeterni—mystes

115 3593 189 3651 rium
203 3589 281 3660 fidei,
297 3610 350 3668 pro
369 3593 479 3660 vobis3’
508 3594 665 3670 pracsertim
688 3594 713 3650 si
732 3592 865 3670 religioni
885 3593 1002 3652 duceret
1014 3613 1048 3652 ea
1060 3604 1205 3667 tamquam

116 3689 227 3751 Christi
246 3691 384 3767 proferre,
405 3691 538 3765 eoquod
561 3693 589 3750 in
610 3692 763 3768 Scripturis
784 3711 842 3750 non
863 3693 1028 3761 reserantur,
1049 3712 1145 3766 quum>
1159 3696 1201 3753 sic

114 3792 194 3868 parvi
215 3790 351 3868 penderet
371 3809 457 3850 usum
476 3799 505 3848 et
525 3791 703 3850 traditionem
723 3791 875 3850 Ecclesia.
924 3791 1011 3859 Quod
1033 3792 1058 3850 si
1083 3794 1203 3853 mutatio

114 3889 186 3948 levis
199 3892 248 3949 fiat
260 3909 299 3949 ex
312 3891 433 3966 quadam
447 3891 621 3969 negligentia
633 3891 741 3962 absque
755 3891 886 3960 oonsilio,
901 3890 1020 3949 venialis
1033 3891 1202 3967 plerumque

112 3996 156 4045 cst
169 3988 268 4065 calpa:
290 3993 331 4050 uti
344 3993 458 4067 siquis,
472 3991 581 4050 omisso
594 3990 763 4068 pronomine
783 3989 876 4068 ‘ego,’
898 3989 1065 4049 festinanter
1077 3991 1200 4052 diceret:

112 4085 244 4164 ‘baptizo
257 4096 284 4147 te
297 4090 328 4149 in
340 4093 458 4152 nomine
469 4092 576 4161 Patris,
598 4099 627 4149 et
646 4089 724 4160 Filii,
747 4099 776 4150 et
789 4090 912 4169 Spiritus
927 4089 1046 4151 Sancti!
1088 4090 1201 4152 Forma

77 4374 81 4381 .
149 4318 494 4386 (l)iii·p.qu.lx.a1‡vifl,
525 4325 601 4394 Reop.
832 4323 1167 4392 (a)s.A1ph.tvtn.11.
