2640 4860
429 355 486 416 DE
507 354 797 416 BAPTIZANDIS.
1115 363 1155 418 to

106 527 155 582 ³2.
179 524 300 590 Quoties
326 521 457 582 alteruter
475 542 578 600 parens
600 522 779 583 catholicam
802 524 948 602 profitetur
972 524 1069 594 fidem,
1089 525 1156 584 licet

64 621 136 680 alter
161 641 227 681 eam
248 622 399 699 plusquam
418 623 562 682 vatiniano
585 622 653 682 odio
674 622 768 682 sorsan
790 633 990 701 prosequatur,
1017 625 1156 701 baptizari

63 729 161 798 potest
174 721 281 790 infans,
296 721 441 782 admonito
463 732 579 799 parente
601 722 753 781 catholico
766 732 797 780 ut
809 742 924 783 omnem
937 733 1024 801 ponat
1037 743 1155 801 operam

64 819 97 878 in
110 819 264 880 Catholica
276 822 339 898 ejus
352 821 536 881 institutione.
578 821 664 889 Quod
686 823 712 881 si
733 821 804 881 adeo
824 832 966 900 torpescat
983 832 1015 881 ut
1034 823 1105 881 nibil
1122 843 1157 882 ea

65 918 103 977 de
116 938 146 977 re
160 929 250 987 curet,
270 922 316 979 vel
329 921 355 979 si
369 921 431 997 jam
451 923 569 998 conjugi
590 940 621 979 se
641 922 808 998 obligaverit
830 923 865 980 ad
888 925 915 981 ei
936 922 1156 999 permittendum

65 1020 150 1095 pueri
170 1020 200 1077 in
224 1019 326 1078 haeresi
345 1019 555 1089 educationem,
576 1039 634 1079 non
654 1020 751 1079 licebit
769 1039 803 1080 ea
829 1021 990 1081 conditione
1011 1023 1156 1099 baptizare

65 1117 214 1185 infantem,
229 1136 295 1177 cum
315 1118 465 1178 manifesto
484 1130 513 1178 et
531 1129 608 1179 certo
629 1121 779 1196 apostasiae
800 1120 938 1197 periculo.
980 1121 1157 1194 Plerumque

66 1217 184 1290 quidem
198 1217 370 1294 sperandum
390 1227 435 1276 est
454 1217 636 1277 Catholicum
650 1220 684 1278 ad
698 1219 859 1296 Religionis
873 1237 990 1278 sensum
1004 1217 1157 1293 aliquando
1231 1202 1234 1206 Ι

65 1315 270 1385 revocandum,
285 1325 313 1374 et
326 1314 361 1374 de
374 1336 528 1394 pueromm
548 1328 625 1376 recta
644 1319 818 1378 instimtione
839 1319 900 1377 fore
920 1317 1073 1386 solicitum,
1097 1318 1156 1376 nisi

67 1415 249 1492 propositum
262 1417 432 1475 contrarium
446 1417 530 1494 plane
544 1417 646 1476 foveat.
689 1417 734 1475 De
753 1418 950 1477 haereticorum
974 1418 1157 1496 conjugibus,

67 1515 255 1592 proportione
278 1515 400 1587 quadam
420 1526 539 1584 servata,
560 1516 681 1595 intelligi
702 1527 824 1593 possunt
849 1536 912 1593 quae
937 1517 971 1575 de
995 1518 1158 1576 Turcarum

68 1614 236 1672 mulieribus
250 1612 361 1672 decreta
374 1626 455 1674 sunt:
479 1617 609 1688 quamvis
623 1618 701 1675 enim
715 1618 839 1675 immane
858 1619 896 1675 sit
918 1616 1071 1676 discrimen
1084 1617 1158 1675 inter

68 1713 248 1772 Mnhumetis
268 1723 431 1782 sectatores,
454 1724 483 1773 et
502 1715 660 1785 haereticos,
682 1724 777 1774 tamen
796 1716 864 1774 fidei
882 1717 1027 1793 integritas
1051 1717 1158 1790 absque

68 1814 240 1873 sacramenti
253 1813 357 1889 injuria
369 1833 427 1873 non
440 1813 559 1873 laeditur.
601 1815 647 1872 De
668 1816 821 1873 mulierum
836 1814 1073 1884 Christianarum,
1095 1834 1158 1888 que

68 1912 175 1970 Turcis
189 1922 354 1989 nupserant,
368 1913 446 1982 filiis,
460 1912 603 1973 decretum
617 1924 661 1972 est
673 1933 734 1982 eos,
748 1924 849 1992 rogatu
862 1914 959 1970 matris
972 1912 1159 1990 baptizandos

67 2011 99 2068 in
112 2012 177 2069 ritae
192 2011 367 2081 discrimine,
383 2012 563 2072 “admonitis
574 2014 719 2082 matribus,
733 2022 765 2071 ut
777 2015 802 2071 si
815 2013 1020 2080 convaluerint,
1035 2014 1114 2089 ipsos
1129 2013 1159 2071 in

68 2108 236 2169 Christiana
258 2110 396 2188 religione
419 2111 519 2172 sedulo
539 2112 658 2172 educare
679 2124 788 2172 curent.
830 2113 864 2171 si
886 2112 996 2171 nullum
1009 2111 1083 2170 adsit
1095 2113 1159 2170 vite

67 2210 241 2285 periculum,
265 2219 341 2268 certa
366 2212 463 2288 regula
487 2213 626 2289 generalis
653 2221 754 2270 statuta
777 2232 836 2271 nou
861 2220 915 2281 est,
942 2231 1008 2271 cum
1033 2220 1160 2290 oporteat

68 2308 226 2386 diligenter
239 2327 339 2368 omnes
353 2309 516 2387 expendere
530 2312 812 2380 circumstantias,et
824 2313 992 2388 praesertim,
1007 2312 1054 2371 vel
1067 2330 1117 2370 eos
1128 2312 1159 2370 in

70 2409 246 2487 evangelicae
259 2408 331 2486 legis
345 2418 373 2467 et
384 2409 453 2468 fidei
465 2412 542 2469 cultu
556 2421 798 2488 perseveraturos,
819 2411 865 2469 vel
879 2410 1045 2471 Cirristiana
1058 2411 1160 2470 educa·

69 2508 148 2566 tione
162 2508 198 2566 ab
213 2509 356 2586 ejusmodi
367 2509 501 2567 matribus
512 2508 663 2579 fraudatos,
676 2510 875 2569 Malrumetsni
884 2512 972 2586 patris
983 2511 1160 2587 impietatem

71 2617 220 2667 secuturos
235 2625 310 2666 esse.
352 2608 386 2666 Si
398 2607 569 2677 sacerdotes,
583 2617 734 2686 postquam
754 2611 802 2686 pie
814 2618 843 2666 et
859 2609 993 2684 religiose
1006 2608 1062 2666 boc
1075 2624 1161 2684 nego·

70 2706 142 2764 tium
156 2707 222 2765 Deo
236 2706 508 2777 commendaverint,
523 2726 634 2780 equum
648 2709 811 2780 bonumque
825 2707 1000 2775 existiment,
1012 2703 1161 2782 predictos

71 2804 228 2865 infantulos
250 2807 404 2883 baptizare,
425 2805 454 2864 id
474 2805 590 2880 quidem
611 2808 746 2876 facerent,
767 2816 871 2865 matres
891 2813 985 2864 tameu
1006 2804 1091 2862 enixe
1110 2801 1160 2862 ad·

72 2912 224 2965 monerent
236 2904 271 2963 de
285 2906 464 2984 gravissimo,
485 2924 543 2979 quo
565 2915 704 2976 tenentur,
719 2923 838 2965 munere
850 2905 926 2973 filios
940 2903 975 2963 de
989 2902 1160 2962 Christiana

70 3005 211 3082 religione
225 3003 325 3064 seduld
343 3001 529 3064 edocendi.”1

112 3108 161 3163 3³.
192 3104 280 3164 Pueri
303 3123 403 3163 omnes
429 3104 479 3177 qui
503 3123 588 3163 usum
605 3104 710 3164 babent
728 3102 855 3172 ratidnis,
878 3103 1018 3180 baptizari
1040 3112 1163 3181 possunt

73 3203 168 3262 invitis
182 3204 357 3281 parentibus,
371 3205 397 3262 si
411 3204 466 3280 ipsi
479 3204 532 3262 rite
546 3205 676 3263 instructi
689 3210 786 3281 petant
795 3204 978 3280 baptismum,
993 3203 1061 3277 quia
1074 3204 1104 3262 in
1116 3204 1161 3261 his

76 3320 137 3375 quoe
147 3305 224 3382 juris
238 3302 328 3361 divini
341 3311 416 3370 sunt,
431 3303 477 3361 vel
499 3304 645 3371 naturalis,
667 3305 711 3362 sui
726 3303 800 3380 juris
820 3311 895 3363 sunt.
938 3303 1112 3370 “Quantum
1127 3302 1162 3361 ad

76 3419 116 3469 ea,
131 3421 196 3475 quae
210 3410 276 3461 sunt
283 3403 357 3481 juris
371 3402 472 3471 divini,
486 3403 531 3460 vel
542 3403 688 3470 naturalis,
699 3403 840 3479 incipiunt
849 3421 908 3460 suae
918 3404 1067 3479 potestatis
1079 3420 1160 3472 esse3

76 3508 102 3558 et
112 3501 181 3561 ideo
193 3502 310 3580 propria
322 3502 465 3560 voluntate
484 3502 580 3561 invitis
600 3502 762 3578 parentibus
782 3511 903 3579 possunt
916 3503 1086 3580 baptismum
1101 3520 1163 3560 sus·

77 3600 182 3676 cipere,
210 3602 285 3658 sicut
310 3611 339 3658 et
369 3601 581 3660 matrimonium
606 3601 795 3679 contrahere.¹
836 3602 877 3661 Et
901 3601 966 3660 ideo
992 3602 1061 3659 tales
1086 3601 1162 3658 licite

76 3702 185 3759 moneri
212 3708 334 3778 possunt
358 3708 387 3756 et
407 3700 503 3767 induci
529 3699 565 3758 ad
590 3701 805 3778 suscipiendum
831 3693 1054 3776 baptismum.’'²
1103 3697 1163 3755 Sed

21 3811 24 3818 '
77 3797 227 3876 diligenter
239 3797 398 3858 instruendi
417 3808 493 3868 sunt,
512 3808 541 3857 et
562 3799 721 3877 periculum
740 3799 907 3859 defectionis
927 3793 1162 3873 precavendum:

77 3899 152 3971 quod
167 3900 193 3957 si
207 3899 293 3956 enixe
307 3905 404 3975 petant
415 3899 601 3975 baptismum,
622 3918 681 3957 non
701 3899 769 3957 lieet
789 3915 839 3955 eos
859 3897 977 3972 rejicere
991 3892 1162 3952 offensionis
1256 3949 1263 3968 ,

77 4007 240 4074 parentum,
254 3995 301 4056 vel
314 3997 373 4056 odii
385 3999 503 4074 publici,
523 3998 570 4056 vel
581 3998 696 4056 alterius
709 3992 885 4056 incommodi
897 4002 991 4052 metu:
1014 4010 1103 4065 quum
1113 3992 1162 4071 jus

135 4270 140 4281 =
176 4244 218 4308 (l)
238 4241 331 4291 Bensd
343 4240 413 4290 XIV.
421 4256 459 4306 ep.
471 4241 503 4291 ed
513 4241 730 4306 Archiepiscopum
742 4237 897 4287 Tarsensem.

175 4328 217 4394 (2)
237 4326 271 4377 iii.
282 4341 306 4390 p.
314 4341 356 4390 qu.
364 4325 440 4377 lxviii.
452 4332 495 4376 art.
506 4341 531 4377 x.
566 4325 643 4394 Κεφ.
680 4323 741 4374 Vide
751 4328 776 4372 et
786 4322 813 4371 S.
822 4322 898 4387 Alpb
909 4322 925 4372 Ι.
936 4336 959 4371 v.
968 4337 993 4372 m
1008 4324 1066 4372 128.
