2640 4860
127 374 187 425 30⁰
398 363 456 421 DE
478 362 653 421 Nt‘rtttttt
674 360 960 425 ΜΔΤΒῙΜΟΝΙΙ.

126 536 172 599 sit,
186 531 302 597 tollitur,
317 530 385 588 dum
402 530 502 589 eadem
523 528 627 589 mulier
648 548 716 587 cnm
735 526 867 607 plurim
885 531 959 591 viris
986 535 1148 603 consuevit,
1160 552 1211 593 usu

126 632 313 709 plurimorum
326 648 425 687 semen
440 629 599 687 admixtum
611 629 707 687 sterile
720 638 775 689 est.

164 734 214 787 46.
238 730 455 787 Matrimonium
470 727 628 787 infidelium
640 738 884 797 consummatum,
894 738 997 807 utpote
1011 733 1147 790 naturalis
1159 750 1213 791 cou-

125 842 239 893 tractus,
255 841 419 905 perpetuam
434 828 600 887 ltsbetrim.
634 826 720 884 Valet
740 837 834 886 antem
858 829 1033 906 hujusmodi
1053 841 1210 897 contractus,

125 930 151 985 ai
164 930 212 985 tex
226 942 334 986 natura:
348 946 406 985 non
419 928 530 995 obstet:
549 946 604 985 nec
623 928 701 984 euim
715 945 779 998 quaa
791 928 857 1005 lege
871 928 1019 989 Ecclesia:
1032 938 1138 989 statuta
1149 940 1212 997 snut,

127 1028 260 1085 homines
270 1028 412 1104 baptismo
426 1026 502 1084 hand
512 1026 637 1083 imbutos
646 1034 786 1102 spectant.
806 1024 896 1093 Quod
907 1028 936 1087 si
947 1028 1087 1087 alteruter
1099 1028 1215 1087 adfiden

127 1145 295 1193 conversus,
322 1126 492 1201 baptismum
525 1125 677 1201 acceperit,
704 1123 779 1185 solri
807 1126 916 1203 potetit
947 1128 1175 1196 matrimonium,
1195 1128 1215 1185 si

129 1225 254 1284 infidelis
274 1226 395 1284 noluerit
407 1243 472 1282 cum
500 1222 576 1281 fidoli
599 1225 779 1282 conversari:
799 1224 956 1285 “sienim
976 1227 1050 1285 alter
1069 1227 1213 1287 infidelium

127 1325 304 1403 coujugum”
319 1325 411 1397 iuquit
424 1323 607 1381 Innocentius
622 1322 677 1381 111.
700 1331 719 1357 ‘⁴
730 1321 765 1379 ad
779 1321 866 1381 fidem
880 1322 1068 1385 Catholicam
1082 1336 1212 1385 converta-

129 1440 184 1491 tur,
200 1426 288 1482 altero
301 1424 345 1481 ucl
369 1421 446 1480 nullo
466 1422 563 1489 modo,
577 1421 623 1479 vel
635 1440 693 1480 non
706 1422 769 1479 sine
783 1422 966 1500 blasphemia
985 1424 1079 1483 divini
1093 1425 1213 1492 nominis,

129 1525 174 1582 vel
186 1536 219 1582 nt
231 1543 297 1582 cum
312 1521 454 1599 pertrahat
465 1522 501 1579 ad
513 1521 630 1580 mortale
644 1531 803 1598 peccatum,
816 1522 845 1580 ei
859 1522 1028 1583 cohabitare
1042 1524 1164 1594 volente,
1178 1524 1215 1596 qni

128 1624 300 1697 relinquitur
319 1623 354 1680 ad
376 1619 512 1687 secunda,
526 1622 551 1677 si
567 1620 698 1687 voluerit,
720 1629 785 1678 vota
810 1622 962 1681 transibit:
982 1632 1014 1683 et
1033 1625 1065 1682 in
1084 1623 1141 1682 hoc
1161 1641 1214 1680 casu

128 1723 315 1799 intelligimus
329 1719 637 1797 qncdaitrlpostolus3
653 1720 696 1776 ‘si
710 1718 833 1777 infidelis
842 1720 977 1791 disoedit,
986 1722 1134 1781 discedat:
1148 1721 1215 1779 sratet

128 1822 207 1879 enim
217 1821 263 1879 cel
275 1840 357 1880 soror
369 1839 425 1878 nou
440 1832 484 1877 est
496 1820 624 1878 servituti
638 1819 782 1895 subjectus
790 1819 819 1877 iu
829 1818 1021 1897 hujusmodi)
1031 1815 1067 1850 ”¹
1088 1823 1121 1880 si
1129 1820 1212 1879 infide

130 1920 166 1977 lis
179 1920 251 1978 nolit
263 1920 399 1985 conuerti,
413 1921 544 1991 quamvis
565 1919 724 1978 consentiat
740 1918 866 1976 babitare
888 1938 957 1979 cntn
976 1938 1129 1988 converso,
1144 1917 1212 1979 multi

131 2018 255 2095 theologi
270 2029 389 2076 censent
409 2019 484 2075 solvi
497 2018 591 2075 adhuc
605 2037 691 2094 posse
705 2018 939 2076 matrimonium:
961 2038 1055 2093 quum
1062 2019 1211 2101 periculum

130 2118 322 2193 perversionis
349 2116 482 2192 conjugis
506 2116 610 2184 fidelis,
631 2117 677 2175 vel
710 2117 811 2195 prolis,
835 2117 884 2175 vix
906 2114 1010 2177 absit.³
1052 2118 1140 2180 coita
1160 2125 1213 2195 poti

130 2216 290 2273 alterutrius
304 2215 522 2272 conversionem
545 2215 623 2273 nulla
644 2219 688 2275 vis
711 2215 822 2275 additur
844 2218 1015 2287 contractui,
1034 2220 1086 2293 qui
1099 2215 1211 2305 proinde

129 2312 201 2370 solvi
216 2312 352 2388 deinceps
372 2313 465 2388 possit
480 2330 662 2386 quocumque
677 2326 814 2392 tempore,
828 2316 854 2372 si
874 2314 1001 2375 infidelis
1016 2318 1091 2376 nolit
1103 2316 1212 2375 habitat:

130 2413 237 2484 absque
250 2412 421 2470 contumelia
436 2410 599 2470 creatoris:
614 2415 667 2472 sed
680 2426 800 2488 utroque
810 2415 896 2473 simul
908 2433 1055 2479 converso
1065 2424 1211 2489 connectes

131 2512 266 2570 naturalis
281 2513 338 2569 vim
353 2511 461 2569 obtinet
472 2511 594 2579 firmam,
608 2524 637 2571 et
650 2513 888 2582 indissolubilem,
903 2516 1013 2588 absque
1028 2517 1083 2576 ritu
1103 2516 1169 2584 ullo,
1178 2510 1215 2571 rcl

131 2633 205 2672 novo
219 2631 373 2678 consensu,
388 2611 544 2670 dummodo
565 2613 666 2688 copula
680 2614 842 2681 intercedat,
858 2632 922 2686 qnae
936 2615 1078 2674 indicium
1098 2602 1143 2674 es't
1160 2630 1215 2673 con·

131 2733 245 2780 sensus,
259 2723 290 2770 nt
302 2720 461 2770 contractus
472 2713 556 2788 juxta
576 2711 686 2769 Christi
706 2714 865 2770 institutum
887 2713 1021 2772 valentin
1044 2724 1214 2792 perpetuum.

132 2814 164 2871 Si
179 2822 407 2871 consummatum
422 2828 478 2868 non
492 2810 578 2868 suerit
590 2812 803 2870 matrimonium
815 2815 1120 2887 postconversionem,
1131 2820 1217 2871 censet

132 2913 164 2969 S.
180 2912 348 2990 Alpltonsns
363 2909 533 2967 Pontificem
549 2928 634 2985 posse
648 2929 685 2967 ex
698 2912 901 2988 urgentissima
914 2931 1002 2970 causa
1013 2903 1200 2991 dispensare.³

171 3016 220 3071 47.
245 3009 470 3086 Interpellandus
485 3019 529 3065 est
539 3008 662 3066 infidelis
676 3013 782 3088 conjux
796 3030 813 3067 a
825 3029 977 3078 converso,
989 3021 1021 3070 ut
1034 3012 1071 3071 de
1086 3012 1216 3071 voluntate

132 3122 254 3179 constet,
269 3129 304 3167 ex
327 3118 468 3184 precepto
484 3109 617 3186 Gregorii
640 3109 725 3168 Xlll.
740 3119 769 3168 ct
782 3110 814 3167 S.
831 3110 878 3167 Pii
892 3110 942 3167 V.:
965 3110 1046 3184 quod
1064 3113 1090 3169 si
1104 3111 1216 3170 infidelis

131 3210 276 3275 detrectet,
291 3208 336 3265 vel
357 3208 530 3284 respondere
553 3227 670 3284 prorsus
684 3210 818 3286 negligat,
839 3227 980 3268 converso
997 3211 1067 3271 licet
1085 3210 1122 3269 ad
1140 3225 1217 3268 novas

131 3310 245 3383 nuptias
259 3307 387 3364 transire.
430 3307 463 3364 Si
477 3316 588 3365 constet
600 3327 667 3365 eum
680 3327 743 3366 esse
761 3308 945 3385 pertinacem,
961 3309 1007 3366 vel
1031 3311 1057 3367 si
1072 3311 1101 3368 in
1115 3310 1215 3386 longin-

131 3424 201 3475 quas
221 3406 320 3462 abierit
339 3405 480 3479 regiones,
502 3406 548 3462 vel
568 3406 638 3464 adiri
659 3406 819 3466 nullatenus
839 3416 934 3480 queat,
949 3409 1082 3467 nonnulli
1102 3405 1217 3482 theologi

132 3514 251 3561 censent
281 3520 451 3560 conversum
476 3522 572 3578 posse,
606 3507 834 3583 interpellatione
857 3508 974 3574 omissa,
1009 3506 1045 3564 ad
1067 3527 1143 3565 nova
1163 3514 1216 3564 vota

132 3605 259 3670 transire,
286 3601 386 3659 saltem
415 3601 564 3660 accedente
590 3605 736 3679 pontificia
762 3604 1002 3682 dispensatione.⁴
1046 3607 1115 3666 Non
1143 3604 1215 3663 solvi·

132 3718 176 3764 tur
189 3703 398 3763 matrimonium
413 3701 534 3760 infidelis
550 3702 691 3772 dissensu,
706 3706 757 3763 sod
775 3704 869 3763 tidelis
881 3705 1026 3763 voluntate
1048 3725 1139 3765 noras
1160 3721 1216 3763 con·

131 3805 266 3863 trahentis
290 3804 420 3878 nuptias:
444 3814 616 3880 quapropter
636 3806 742 3881 nuptiae
765 3803 897 3883 infidelis⁸
910 3822 976 3863 cum
1001 3806 1091 3865 altero
1117 3800 1214 3865 infideli

132 3905 220 3974 initae,
236 3904 314 3962 tideli
328 3902 420 3961 adhuc
433 3904 543 3970 caelibe,
558 3912 623 3961 sunt
637 3904 729 3962 irritae.

171 4006 220 4061 48.
242 4003 277 4062 In
290 4003 344 4061 hac
357 4004 474 4080 regione
488 4004 513 4061 si
531 4002 680 4079 contigerit
693 4020 778 4075 quem
782 4002 858 4078 piam
871 4002 908 4060 ad
921 4001 1007 4061 tidem
1022 4005 1160 4072 converti,
1174 3997 1213 4073 qui

199 4167 241 4232 (l)
262 4166 323 4228 Cap.
335 4165 375 4213 vii.
387 4164 416 4214 de
428 4164 549 4216 divortiis.

4 4258 8 4273 ¹
105 4286 157 4331 ᾧ
171 4288 182 4301 ..
202 4251 245 4314 (2)
264 4249 328 4298 Vide
340 4249 447 4298 Antoine
458 4256 525 4301 tract.
538 4249 566 4301 de
579 4250 657 4300 Matr.
667 4267 689 4300 c.
702 4251 727 4300 ii.
739 4268 780 4314 qu.
793 4256 816 4300 8.
829 4258 853 4300 et
864 4251 890 4299 S.
904 4251 978 4315 tttph.
989 4252 1005 4300 Ι.
1017 4252 1050 4303 vi.
1061 4269 1086 4302 n.
1098 4254 1154 4303 cst.

201 4335 244 4399 (s)
263 4332 292 4382 L.
306 4350 328 4381 v.
340 4350 365 4382 n.
380 4336 437 4382 esc.
742 4339 784 4403 (4)
804 4337 1010 4396 tenemusne
