2640 4860
307 370 364 431 DE
384 370 706 433 lMPEDIMENTIS
727 373 1003 434 MATRIMONII.
1142 382 1201 438 347

109 536 320 614 consanguinea
346 556 399 613 per
424 540 510 597 verba
542 541 713 597 contraxerit
744 539 779 597 de
812 540 955 615 praesenti,
984 560 1050 600 cunr
1077 543 1201 601 secunda

109 653 256 693 remanere
282 632 443 694 debebit.”¹
482 638 616 696 Attamen
640 639 681 695 rei
703 647 821 695 eventus
847 638 1043 712 expectandus
1066 641 1148 709 foret,
1170 653 1200 699 ut

108 735 194 792 liceat
206 734 320 808 nuptias
334 735 416 794 inire.

154 836 222 891 173.
243 830 483 906 Impedimentum
505 835 624 911 publicae
638 833 795 891 honestatis
809 844 977 910 perpetuum
995 846 1048 902 est,
1063 855 1203 914 quaprop-

112 940 154 988 ter
166 940 233 1006 post
245 949 258 986 s
262 948 359 1005 ponsae
374 941 505 999 mortem,
520 932 564 990 vel
579 932 787 1007 professionem
802 933 962 1009 religiosam
973 933 1115 1009 perdurat.

154 1034 222 1089 174.
245 1029 293 1086 Ex
304 1031 484 1088 matrimonio
498 1030 632 1097 invalido,
641 1033 697 1089 uisi
711 1050 748 1088 ex
761 1030 870 1089 delectu
880 1049 1037 1090 consensus
1046 1033 1201 1092 invalidum

112 1122 158 1195 sit,
180 1128 270 1185 oritur
295 1126 452 1186 honestatis
478 1129 724 1204 impedimentum.
765 1128 851 1195 Quod
877 1131 902 1188 si
930 1130 1084 1189 invalidum
1110 1133 1146 1190 sit
1165 1133 1203 1191 ob

113 1227 210 1300 ipsum
224 1226 384 1284 honestatis
407 1228 652 1303 impedimentum,
668 1247 724 1285 non
748 1228 821 1287 tollit
843 1228 1020 1305 sponsalium
1041 1231 1202 1306 preceden-

116 1325 186 1382 tium
200 1326 269 1392 vim,
284 1342 346 1396 quae
366 1325 472 1385 idcirco
495 1327 613 1402 implere
628 1328 732 1393 licebit,
747 1328 772 1384 si
792 1327 895 1403 copula
914 1327 990 1385 haud
1011 1329 1202 1388 intercesserit

113 1441 179 1480 cum
199 1425 418 1500 consanguinea.
460 1427 538 1484 “Ex
552 1427 736 1500 sponsalibus
759 1428 850 1502 puris,
865 1427 960 1494 certis,
976 1426 1131 1487 dummodo
1146 1447 1203 1487 non

115 1523 174 1580 sint
186 1523 262 1579 nulla
275 1540 312 1578 ex
333 1522 443 1582 defectu
465 1542 631 1592 consensus,
646 1527 734 1583 oritur
760 1525 863 1582 efficax
883 1523 918 1582 ad
939 1525 1153 1602 impediendum
1175 1540 1204 1585 et

110 1620 307 1701 dirimendum
328 1624 477 1694 sequentia
502 1625 655 1699 sponsalia,
670 1624 715 1681 vel
742 1624 964 1692 matrimonium,
979 1643 1037 1683 non
1056 1637 1147 1684 autem
1168 1627 1203 1684 ad

114 1719 305 1796 praecedentia
325 1719 548 1788 dissolvendum,
564 1722 798 1798 impedimentum
821 1723 940 1798 justitiae
960 1722 1080 1799 publicae
1100 1726 1203 1784 hones-

115 1812 230 1875 tatis.’'²
274 1818 381 1876 Deficit
415 1839 573 1878 consensus
607 1822 721 1892 quando
753 1821 919 1898 conjugium
953 1830 1099 1881 attentatur
1131 1827 1205 1883 iuter

115 1926 255 1984 amentes,
270 1916 403 1987 furiosos,
419 1921 524 1986 ebrios,
540 1931 568 1975 et
581 1930 656 1977 metu
671 1920 748 1996 gravi
762 1921 942 1987 constrictos,
957 1920 1080 1993 ideoque
1093 1923 1202 1981 nullum

114 2015 182 2074 inde'
202 2016 291 2074 oritur
311 2016 556 2092 impedimentum.
599 2018 648 2076 Sic
671 2021 696 2076 si
716 2037 793 2077 error
815 2019 949 2094 respiciat
968 2037 1130 2095 personam,
1145 2039 1202 2080 non

116 2113 369 2181 valetconsensus,
385 2117 641 2175 matrimoniumve.
684 2118 733 2176 Ex
747 2117 926 2175 matrimonio
937 2117 1113 2177 clandestino
1127 2121 1204 2177 inva-

118 2212 178 2270 lido
187 2213 276 2271 oritur
285 2213 520 2287 impedimentum
534 2216 701 2284 honestatis,
715 2218 756 2274 uti
770 2216 925 2274 declaravit
938 2216 970 2273 S.
985 2213 1205 2294 Congregatio.³

156 2315 224 2370 175.
245 2309 337 2369 AEtcs
362 2322 393 2368 ut
406 2316 498 2372 valeat
511 2315 719 2373 matrimonium
734 2334 768 2373 ea
781 2316 932 2387 requiritur
945 2333 1000 2386 qua
1016 2318 1127 2391 possint
1139 2336 1205 2376 con·

114 2409 258 2467 trahentes
287 2410 375 2476 coire,
404 2422 432 2468 et
458 2413 617 2489 intelligant
648 2414 739 2470 coitus
772 2424 909 2470 naturam.
951 2414 1090 2472 Pubertas
1119 2417 1204 2493 igitur

116 2509 281 2566 necessaria
294 2519 347 2576 est,
362 2509 408 2566 vel
421 2529 484 2582 quoe
498 2521 564 2568 aetas
587 2512 719 2586 proxima
732 2522 775 2567 est
787 2511 936 2585 pubertati,
951 2509 1022 2569 adeo
1035 2522 1066 2569 ut
1088 2513 1204 2579 malitia,

116 2608 158 2664 uti
180 2606 293 2673 dicitur,
308 2609 442 2684 suppleat
455 2619 576 2675 aetatem,
591 2609 657 2667 dum
672 2609 780 2666 scilicet
800 2608 973 2667 intellectum
992 2619 1020 2666 et
1032 2610 1106 2666 vires
1120 2629 1205 2686 gene·

115 2705 196 2764 randi
228 2706 341 2764 habent.
386 2707 472 2766 Pueri
505 2726 642 2765 annorum
670 2706 894 2780 quatuordecim,
921 2707 1021 2783 puellae
1054 2706 1204 2768 duodecim

116 2823 258 2863 annorum
271 2805 478 2880 completorum
494 2808 616 2882 puberes
630 2806 785 2864 habentur:
801 2804 877 2879 quod
892 2808 916 2864 si
931 2825 963 2863 ea
974 2814 1053 2862 aetate
1064 2819 1206 2880 nequeant

116 2921 263 2980 generare,
277 2922 337 2961 non
359 2904 441 2963 sacile
455 2904 607 2982 separandi
626 2914 692 2961 sunt
705 2916 770 2980 post
789 2904 953 2981 conjugium
975 2905 1085 2972 initum,
1100 2906 1151 2964 sed
1171 2905 1205 2964 ad

116 3013 229 3078 tempus
242 3004 416 3078 impotentes
429 3003 566 3062 censendi
579 3013 670 3061 emnt.
692 3004 770 3061 Puer
782 3004 882 3061 saltem
898 3021 972 3059 anno
983 3003 1095 3060 decimo
1105 3017 1205 3063 octavo

118 3101 254 3176 perfecto,
268 3100 365 3177 puella
378 3101 491 3160 decimo
505 3112 614 3176 quarto,
628 3102 781 3178 generandi
792 3101 946 3178 potentiam
962 3101 1064 3159 habeat
1077 3112 1203 3180 oportet:

118 3181 291 3274 quapropter
316 3199 343 3256 si
368 3210 432 3258 ante
458 3201 487 3258 id
514 3201 649 3276 temporis
676 3212 741 3276 post
765 3201 971 3276 experientiam
1005 3202 1117 3260 triennii
1149 3221 1206 3260 non

117 3297 262 3365 habeatur,
286 3297 339 3354 erit
363 3297 537 3375 impotentia
564 3308 707 3375 perpetuoe
740 3299 886 3357 indicium.
930 3299 1021 3356 Senes
1049 3302 1099 3372 qui
1122 3302 1206 3359 etiam

117 3395 294 3454 medicorum
309 3413 365 3471 ope
383 3390 489 3456 coitum
503 3399 615 3455 efficere
634 3408 787 3469 nequeunt,
802 3398 879 3456 haud
899 3408 966 3456 sunt
979 3418 1096 3475 capaces
1111 3401 1206 3459 matri·

117 3495 224 3552 monii:
246 3512 329 3552 secus
343 3495 369 3552 si
382 3497 494 3571 possint
513 3499 600 3564 coire,
615 3498 757 3568 quamvis,
773 3507 913 3570 nequeant
933 3517 1081 3574 generare.
1122 3501 1206 3558 AEtas

116 3593 181 3669 lege
194 3592 272 3651 civili
286 3601 397 3662 statuta,
413 3606 476 3653 ante
491 3614 577 3668 quam
592 3595 644 3652 filii
658 3595 780 3653 familias
798 3616 855 3654 non
872 3608 992 3672 possunt
1007 3599 1120 3672 nuptias
1134 3599 1206 3655 inire

118 3693 227 3764 absque
241 3701 390 3768 parentum
400 3695 492 3761 venia,
503 3713 561 3753 non
576 3694 693 3768 respicit
706 3693 830 3751 valorem
844 3703 1021 3752 contractus:
1037 3707 1207 3770 quapropter

118 3791 214 3848 valent
227 3792 405 3849 matrimonia
414 3793 560 3868 juniorum
575 3801 666 3857 aetate,
682 3790 895 3858 catholicorum,
910 3809 960 3848 seu
975 3792 1205 3860 acatholicorum,

118 3889 214 3947 invitis
230 3890 392 3965 parentibus
407 3899 555 3957 contracta,
571 3891 631 3947 sive
645 3907 739 3946 coram
755 3888 911 3956 sacerdote,
921 3890 982 3946 sive
996 3909 1091 3948 coram
1106 3892 1207 3967 magis·

118 3997 200 4056 tram,
211 3989 258 4046 vel
273 3989 401 4047 ministro
414 3999 599 4065 protestante,
614 3990 639 4046 si
653 3988 763 4046 nullum
772 3987 848 4046 aliud
859 3989 950 4045 obstet
959 3987 1205 4064 impedimentum,

187 4207 229 4272 (1)
250 4207 312 4272 Cap.
323 4208 389 4258 unic.
401 4207 636 4276 desponsaturum
649 4212 672 4256 5.
977 4211 1019 4276 (2)
1039 4209 1140 4260 ibidem.

461 4294 503 4360 (3)
523 4294 586 4343 Vide
598 4294 623 4340 S.
636 4292 727 4355 Alphl.
739 4292 764 4342 vi
774 4308 800 4342 n.
815 4294 888 4342 1064.
