2640 4860
377 361 434 423 DE
455 360 828 427 CONFIRMATIONE.
1109 375 1144 429 61

42 528 271 609 οιρῐοκίσῧθ.
284 526 445 590 Trinitatis.
466 536 496 591 3.
517 532 551 590 Si
564 522 839 615 oniffi'tar'vsrbnm
853 540 890 592 te.
912 536 941 590 4.
964 532 996 592 Si
1015 534 1146 594 omittan-

43 642 91 690 tur
104 630 194 697 verbe
212 628 306 708 signo
320 628 430 699 crucia,
444 631 490 689 vel
504 624 677 699 chrismale·
686 631 807 691 solutis.
850 632 996 692 catarum
1016 645 1083 691 sunt
1097 637 1147 708 qni

45 739 149 807 putant
161 738 254 789 totam
272 730 442 789 sacramenti
460 733 615 790 essentiam·
626 731 657 789 in
677 749 711 789 ea
724 750 860 790 manuum
881 733 1067 810 impositione
1082 752 1146 807 quc

45 830 78 887 fit
100 827 170 889 dum
189 826 317 907 Spiritus
337 829 459 887 Sanctus
479 830 634 899 invocatur,
650 831 781 889 manibus
802 833 932 909 episcopi
955 850 1023 909 erga
1042 833 1145 891 confir·

46 902 322 998 mandes-ubis,
336 928 502 997 consistere,
516 932 565 1003 qni
579 929 699 1006 proinde
714 931 835 989 formam
848 932 877 989 in
889 932 953 1008 ipsa
965 932 1145 990 invocatione

46 1028 244 1105 constituunt:
262 1027 408 1087 cocenim
427 1027 553 1107 Eugenii
567 1029 713 1088 decretum
733 1031 823 1088 instar
842 1029 1015 1089 definitionis
1035 1030 1143 1089 editum

45 1136 103 1205 qt,
115 1126 169 1187 sed
188 1126 386 1186 instructionis
405 1146 502 1197 causa,
522 1136 551 1186 et
570 1129 662 1187 forma
685 1140 714 1186 et
734 1130 852 1188 materia
878 1140 1063 1188 recensentur
1087 1130 1145 1188 lato

49 1224 176 1302 quodam
187 1244 288 1295 sensu,
302 1235 386 1302 prout
398 1226 428 1284 in
441 1227 549 1286 scholis
564 1228 731 1304 plerumque
744 1229 983 1307 intelligebantur.
1026 1227 1141 1286 Horum

50 1337 144 1385 tamen
157 1325 329 1385 sententiam
342 1326 460 1385 omnino
473 1327 572 1385 falsam
587 1330 752 1407 pronuntiat
765 1329 797 1386 S.
813 1328 993 1405 alphonsus.

89 1429 119 1484 5.
140 1425 275 1484 Minister
295 1424 453 1484 ordinarius
474 1425 700 1489 confirmationis
718 1437 764 1487 cst
776 1429 856 1486 solus
877 1429 1043 1504 episcopus,
1058 1436 1144 1501 prout

52 1524 179 1583 definivit
185 1525 340 1583 concilium
349 1516 578 1595 Tridentinum,¹
590 1524 717 1607 *fidius
726 1534 821 1587 tamen
830 1527 983 1600 aliqnando
992 1544 1042 1602 per
1051 1526 1145 1603 Apos-

53 1625 141 1682 tolicae
168 1623 254 1681 Sedis
275 1622 530 1701 dispensationem,
544 1642 583 1685 ex
607 1622 768 1685 rationabili
788 1635 816 1685 et
840 1635 958 1703 urgente
986 1625 1144 1684 admodum

55 1742 144 1792 cansa,
157 1722 321 1800 simplicem
332 1722 520 1791 sacerdotem,
529 1723 683 1783 chrismata
691 1743 742 1801 pcr
755 1726 923 1802 episcopum
934 1726 1077 1793 consecto,
1089 1726 1146 1784 hoc

58 1822 266 1882 administrasse
287 1823 511 1882 confirmationis
526 1819 785 1883 sacramentnm.”²
825 1824 870 1882 Ea
884 1825 1001 1883 facultas
1021 1825 1146 1900 plerum·

61 1941 109 1993 que
133 1922 301 1981 conceditur
321 1922 467 1980 Praelectis
492 1922 679 2001 Apostolicis.
722 1921 809 1999 Apud
830 1923 960 1990 Grecos,
982 1921 1145 1980 sacerdotes

61 2023 158 2096 passim
167 2022 415 2080 confirmationem
430 2004 601 2091 ministfflt,
613 2040 653 2083 er
667 2025 755 2081 veteri
770 2041 867 2081 more:
883 2023 935 2080 sed
951 2030 969 2058 “
979 2023 1098 2080 omnino
1114 2023 1144 2079 in
1247 2030 1256 2041 “

65 2123 187 2180 confesso
201 2131 246 2180 est
259 2121 367 2180 irritam
381 2141 457 2180 nunc
470 2120 533 2187 fore
544 2120 792 2182 confirmationem
808 2143 824 2180 a
837 2123 962 2199 simplici
976 2123 1146 2199 presbytero

65 2219 155 2280 Latino
167 2240 205 2280 ex
219 2220 283 2280 sola
294 2221 423 2297 episcopi
437 2220 615 2299 delegatione
629 2224 773 2290 collatam,
788 2223 855 2297 qnia
868 2222 959 2280 Sedes
977 2223 1145 2299 Apostolica

68 2318 90 2376 id
98 2321 166 2397 juris
179 2322 236 2380 sibi
249 2322 334 2379 unice
348 2313 550 2380 reservavit.”³

99 2423 124 2476 o.
145 2420 340 2498 “Episcopus
354 2420 528 2479 confirmans
542 2421 571 2479 in
586 2420 677 2479 aliena
689 2422 805 2482 dioecesi
820 2424 904 2480 etiam
919 2423 1048 2481 subditos
1062 2440 1142 2488 snos,

69 2517 172 2577 incurrit
183 2521 405 2597 suspensionem
418 2539 435 2577 a
448 2520 663 2579 Pontificalibus
683 2522 747 2598 ipso
761 2523 827 2598 jure
851 2540 889 2578 ex
912 2519 1044 2577 Trident.
1061 2521 1142 2576 Sess.

70 2619 91 2672 6.
108 2637 130 2676 c.
144 2624 172 2677 5.
187 2629 216 2679 et
229 2620 430 2679 Declarationo
443 2620 477 2676 S.
492 2613 571 2676 02³⁴
589 2620 664 2678 valet
676 2628 772 2678 tamen
793 2619 980 2677 confirmatio.
1024 2618 1145 2674 Alienos

70 2715 93 2772 in
108 2735 155 2776 sua
173 2718 293 2779 drusui
310 2717 377 2779 licet
390 2719 567 2784 confirmare,
582 2721 607 2777 si
628 2730 738 2777 constet
760 2719 796 2776 de
818 2716 946 2794 praesulis
965 2734 1064 2774 eorum
1079 2735 1147 2774 oon·

70 2831 151 2886 sensu,
165 2820 212 2878 vel
225 2817 267 2879 ih
277 2816 353 2878 fieret
362 2817 550 2886 consuetudo,
562 2830 647 2895 prout
660 2818 734 2894 apud
748 2837 801 2876 nos
816 2817 888 2874 serre
903 2814 1022 2873 videtur.

95 2920 125 2977 ¹¹1.
144 2916 329 2978 eertum-est
349 2918 425 2993 apud
444 2936 545 2976 omnes
565 2919 735 2995 episcopum
755 2914 879 2995 graviter
899 2933 1017 2990 peccare
1040 2915 1064 2971 si
1086 2915 1145 2981 diu,

67 3022 124 3088 puts
134 3034 186 3095 per
199 3027 265 3076 octo
280 3017 324 3074 vel
338 3016 439 3076 decem
453 3036 552 3086 annos,
567 3019 694 3095 negligat
703 3017 853 3074 circumire
867 3014 1015 3072 dioecesim
1030 3012 1064 3072 ad
1079 3033 1148 3073 con·
1167 3000 1170 3005 ¹
1264 3028 1276 3047 “

67 3112 221 3176 firmationis
254 3128 462 3176 sacramentum
488 3115 753 3183 administrandum,
780 3116 872 3192 privat
903 3114 981 3173 enim
1014 3114 1145 3173 subditos
1185 3190 1189 3199 Ι
1223 3166 1226 3173 .

67 3214 160 3274 auxilio
173 3216 293 3276 maximi
307 3218 445 3276 momenti
458 3236 465 3274 :
488 3219 513 3274 si
527 3226 621 3276 autem
632 3215 804 3291 impediatur
814 3215 904 3282 senio,
917 3215 963 3273 vel
974 3208 1266 3359 11111τωί1110..ῧῖ

65 3325 217 3384 excusatur,
233 3316 307 3373 sicut
326 3326 354 3373 et
372 3318 422 3390 qui
442 3335 479 3375 ex
501 3318 580 3394 justa
599 3336 685 3374 cansa
711 3314 811 3413 ⁶³³⁶!
828 3332 880 3393 per
902 3322 958 3372 tres
981 3315 1028 3373 vel
1050 3316 1175 3393 plures..
1201 3354 1215 3395 ·.
1227 3300 1257 3363 'a

65 3411 170 3471 annos.⁵
210 3415 385 3475 Moribundo
405 3417 512 3493 petenti
535 3433 593 3473 non
618 3425 663 3473 est
683 3406 862 3475 confirmatio
888 3413 1075 3491 deneganda:
1097 3414 1149 3473 sed
1229 3406 1236 3417 ⁴

64 3529 113 3570 non
126 3514 237 3573 videtur
250 3533 316 3572 esse
336 3516 429 3592 gravis
449 3515 584 3592 obligatio
598 3534 662 3573 eam
682 3514 844 3591 praestandi,
860 3533 948 3586 quum
969 3514 1148 3573 consuetudo

64 3630 114 3670 non
127 3611 197 3673 serat
210 3629 242 3673 ut
255 3615 362 3691 passim
385 3615 449 3673 fiat:
464 3624 492 3671 et
504 3633 589 3691 grave
604 3615 689 3672 nimis
710 3615 783 3672 foret
796 3615 934 3690 episcopo
954 3615 1076 3690 singulis
1097 3614 1147 3684 qui

64 3711 232 3789 neglexerint
244 3723 455 3773 sacramentum
468 3715 627 3790 suscipere,
644 3717 673 3772 in
687 3713 850 3772 discrimine
865 3714 929 3770 vitae
943 3712 1106 3769 subvenire.

98 3817 125 3868 8.
147 3813 278 3872 Effectus
298 3813 521 3872 confirmationis
541 3823 608 3870 sunt
622 3815 719 3891 gratiae
739 3820 925 3889 angmentum
946 3829 1011 3867 cum
1032 3806 1146 3865 auxiliis

65 3913 238 3986 specialibus,
252 3921 280 3971 et
292 3912 438 3972 character
450 3912 622 3971 indelebilis.
666 3913 755 3970 “Per
768 3912 983 3968 Sacramentum
997 3905 1148 3966 confirma·

80 4148 84 4158 ·
133 4126 175 4192 (1)
195 4125 264 4175 Sese.
272 4126 313 4176 rii.
325 4142 378 4177 can.
390 4126 431 4176 vii.
710 4123 753 4190 (2)
773 4120 904 4171 Decretum
914 4134 958 4185 pro
966 4118 1089 4168 Amrenis.

134 4212 177 4278 (3)
197 4211 290 4261 Boned.
300 4211 371 4260 XIV.
382 4211 413 4261 de
423 4227 477 4276 syn.
488 4210 558 4263 dirae.
571 4212 587 4262 1.
599 4209 641 4260 vii.
651 4223 674 4261 o·
683 4207 734 4259 viil.
745 4222 772 4257 n.
784 4210 807 4255 7.

135 4296 178 4363 (4)
198 4296 309 4363 Β.Α1ρ1ι.
320 4297 336 4346 l
348 4298 380 4347 vi.
392 4313 417 4347 n.
432 4301 488 4347 171.
708 4293 752 4360 (5)
771 4289 870 4350 Ibidem,
882 4306 909 4340 n.
924 4292 978 4339 175.

106 4386 182 4450 Vos.
197 4390 313 4452 lli-7
