2640 4860
110 376 149 431 58
396 367 454 429 DE
475 367 670 429 SOLEMNl
690 366 914 429 BAPTISMO.

149 541 198 596 61.
221 535 417 595 Oaeremonias
430 554 448 594 a
459 537 603 613 baptismo
616 537 681 613 ipso
698 554 839 613 separare,
853 535 939 595 etiam
953 535 989 595 ad
1004 548 1132 613 tempus,
1146 554 1200 594 non

109 636 186 704 licet,
201 637 256 694 nisi
276 636 371 714 gravis
390 644 489 713 urgeat
508 637 676 704 necessitas,
690 654 727 694 ex
747 645 841 694 mente
859 635 980 695 enimet
1000 635 1201 694 consuetudine

110 732 251 794 Ecclesia
263 736 493 813 conjunguntur:
516 735 664 794 “mortale
677 733 742 792 est”
757 735 983 808 inquirantoine
993 735 1061 794 loco
1074 735 1201 812 superius

112 834 237 901 laudato,
260 844 279 871 ‘⁴
291 843 371 892 extm
390 834 590 893 necessitatem
609 834 752 911 baptizare
771 834 835 892 sine
855 828 1034 892 solemnitate
1050 876 1058 892 .
1072 875 1080 891 .
1094 875 1122 892 ..
1138 833 1203 906 quia

111 933 245 994 Ecclesia
263 933 301 993 ob
320 933 460 993 honorem
480 934 648 991 sacramenti
668 933 861 991 solemnitates
881 934 1006 1012 graviter
1024 927 1203 1010 pracipit’ss

112 1032 191 1092 Hinc
205 1034 343 1092 nonlicet
359 1033 543 1092 caeremonias
556 1032 689 1108 baptismi
702 1030 816 1090 differre
830 1031 865 1091 ad
880 1041 991 1108 tempus
1005 1033 1202 1109 opportunius,

111 1133 149 1192 ob
168 1150 302 1210 magnam
324 1130 565 1210 defatigationem,
580 1132 626 1189 vel
638 1132 675 1189 ob
690 1131 744 1188 iter
762 1149 832 1190 mox
851 1130 1071 1208 suscipiendum
1084 1130 1121 1188 ad
1133 1131 1202 1189 invi·

112 1232 234 1291 sendum
249 1241 397 1308 egrotum,
412 1231 457 1289 vel
471 1231 508 1288 ob
520 1228 718 1288 consessiones
732 1229 898 1299 audiendas,
913 1230 959 1288 vel
972 1232 1010 1289 ob
1024 1232 1203 1308 negotiorum

113 1333 218 1390 molem
230 1352 237 1389 ε
259 1330 309 1389 sed
319 1331 375 1389 nisi
384 1341 481 1408 urgeat
491 1329 591 1388 mortis
603 1330 772 1406 periculum,
784 1330 943 1407 baptismus
957 1331 1019 1406 ipse
1030 1329 1204 1388 differendus

112 1442 157 1489 est
182 1430 273 1489 donec
300 1431 476 1488 caeremoniae
502 1429 616 1505 possint
640 1429 757 1506 pertici:
792 1431 887 1501 “quia
912 1429 1101 1488 omissionem
1123 1447 1205 1488 caere·

113 1531 272 1590 moniarum
287 1529 366 1587 solus
387 1548 471 1588 casus
484 1529 663 1587 necessitatis
683 1525 852 1587 excusat.’'¹
892 1527 996 1588 Utrum
1017 1529 1118 1588 mortis
1131 1529 1204 1606 peri·

114 1631 212 1689 culum
233 1629 397 1705 proximum
419 1631 466 1696 sit,
490 1647 547 1687 non
562 1628 647 1687 debet
659 1629 746 1687 nimis
760 1629 826 1708 angi
839 1629 985 1697 sacerdos,
1006 1647 1096 1701 quum
1110 1638 1206 1706 agatur

114 1728 149 1787 de
164 1728 345 1786 infantibusae
360 1730 546 1807 grotantibus,
561 1729 610 1803 qui
624 1729 707 1788 facile
721 1728 923 1806 periclitantur.

153 1831 204 1887 62.
228 1828 355 1906 Singula
386 1831 566 1888 caeremoniae
598 1826 744 1888 servanda
775 1837 850 1896 sunt,
877 1813 931 1887 nec
957 1827 1052 1899 aliqua
1078 1826 1206 1885 consulti

114 1929 252 1988 omittitur
272 1929 380 2003 absque
401 1931 494 2006 gravis
514 1930 625 2008 peccati
645 1928 828 1997 discrimine;
854 1948 921 1987 nam
941 1925 1053 1986 videtur
1079 1927 1208 1985 minister

114 2048 200 2088 suurn
217 2027 360 2106 judicium
379 2029 521 2087 Ecclesia
541 2028 669 2104 jubentis
689 2027 846 2091 auctoritati
865 2040 1048 2104 anteponere,
1069 2035 1098 2083 et
1117 2026 1208 2104 magis

113 2139 242 2186 metuere
252 2127 632 2195 cachinnos,velcensuram
641 2125 822 2194 adstantium,
832 2124 1209 2204 proesertimhaereticorum,

115 2244 201 2298 quam
228 2226 381 2302 presulum
408 2245 525 2285 suorum
547 2226 658 2304 justam
681 2225 886 2287 offensionem.
930 2225 1009 2285 Hinc
1035 2225 1210 2284 missionarii

115 2323 292 2392 Melabarici‚
308 2326 357 2397 qui
372 2325 481 2398 aliquas
501 2327 667 2394 omiserant,
681 2327 805 2404 graviter
817 2325 986 2404 reprehensi
999 2334 1076 2394 sunt,
1091 2336 1120 2384 et
1134 2324 1210 2402 jussi

113 2431 183 2482 sunt
205 2423 380 2500 “signanter
398 2425 528 2493 salivam,
549 2424 593 2484 sal
612 2434 641 2484 et
659 2425 881 2496 insufflationes,
901 2443 965 2501 quer
985 2443 1022 2484 ex
1042 2424 1211 2502 apostolica

115 2522 265 2605 traditione
286 2522 439 2585 Catholioa
458 2526 593 2585 Ecclesia
612 2525 722 2605 recipit,
742 2536 772 2584 et
790 2525 827 2584 ob
846 2526 993 2586 recondita
1012 2526 1043 2583 in
1063 2525 1101 2583 iis
1122 2525 1210 2584 sacris

116 2624 293 2682 ceremoniis
306 2622 409 2682 divinae
423 2643 490 2703 erga
503 2645 556 2684 nos
570 2626 704 2685 bonitatis
718 2627 865 2702 mysteria,
877 2634 974 2685 sancte
988 2634 1018 2683 et
1031 2625 1211 2684 inviolabiter

115 2717 309 2782 custodire.'’³
329 2723 480 2785 Concessa
492 2733 586 2784 tamen
600 2726 636 2785 iis
649 2734 694 2784 est
707 2725 883 2802 dispensatio
896 2710 932 2784 ad
945 2723 1130 2793 decennium,
1146 2742 1209 2798 quae

116 2821 151 2881 ed
166 2821 244 2880 aliud
265 2822 435 2884 decennium
449 2834 600 2904 prorogata
613 2833 667 2894 est,
681 2827 711 2884 in
724 2826 836 2883 casibus
849 2823 1033 2901 specialibus,
1043 2841 1104 2884 non
1118 2832 1211 2883 autem

117 2924 224 3000 passim
236 2922 416 2985 adhibenda:
439 2922 502 2999 quse
510 2945 563 2985 nos
574 2926 693 2987 minime
702 2933 821 3003 spectat.
855 2924 1011 2984 Praedictas
1025 2923 1212 2983 caeremonias

116 3024 247 3081 omittere
261 3042 347 3101 grave
354 3035 399 3084 est
411 3036 578 3102 peccatum:
594 3044 651 3086 ¹eas
664 3034 831 3087 tamennon
844 3025 883 3082 ita
895 3041 1032 3102 peragere
1046 3031 1169 3100 oportet,
1183 3030 1214 3081 ut

117 3121 272 3180 offensioni
287 3124 344 3181 sint
355 3125 401 3183 vel
421 3125 534 3193 irrisui;
556 3125 607 3182 sed
628 3124 758 3184 modeste
780 3133 810 3184 et
828 3123 961 3184 decenter
973 3123 1058 3200 juxta
1070 3122 1212 3182 Ecclesia

117 3230 254 3278 mentem.

154 3424 165 3486 (
171 3425 196 3489 1)
221 3419 267 3472 Udi
279 3420 373 3487 Supra.
661 3425 704 3491 (2)
723 3423 748 3472 S.
763 3424 838 3488 Alph.
849 3425 866 3475 l.
877 3424 909 3474 vi.
920 3440 945 3473 n.
960 3424 1015 3472 119.
1036 3426 1039 3431 ’

154 3507 197 3572 (3)
217 3504 280 3554 Vide
293 3505 379 3556 Gonst.
390 3502 524 3555 Clementia
534 3505 579 3556 XI.
591 3521 645 3572 que
655 3506 741 3574 incipit
750 3525 761 3582 :¹
775 3509 819 3560 Es
830 3506 876 3572 itta
887 3507 943 3568 dte,
962 3514 987 3558 et
999 3505 1127 3558 Benedicti
1136 3505 1208 3556 XIV.

119 3591 164 3642 Es
174 3607 223 3660 quo
234 3589 371 3659 angulari.
