2640 4860
183 381 243 434 222
532 372 588 432 DE
610 371 920 432 ABSOLUTIONE.

183 559 220 599 ex
233 541 358 616 peccatis
371 539 503 598 admissis
517 541 642 598 oriantur
661 538 861 598 attendendum
876 548 929 606 est,
942 549 974 598 ut
993 557 1093 598 eorum
1115 540 1270 617 impletioni

183 639 381 717 provideatur:
403 640 522 696 sienim
544 640 672 715 neglecta
692 639 805 706 fuerint,
819 647 847 694 et
869 638 991 696 filiorum
1015 640 1202 698 conscientiae
1214 659 1271 717 per·

184 738 282 804 missa,
309 737 392 796 sacile
419 738 557 795 oblivioni
584 737 737 795 tradentur.
792 736 960 795 Curandum
987 739 1074 796 etiam
1101 746 1133 796 ut
1152 738 1271 797 filiomm

182 837 352 895 institutioni
366 837 525 895 christiano
546 836 719 903 consulatur,
733 854 823 908 quum
835 854 913 912 sepe
933 839 1079 915 contingat
1097 837 1175 895 filios
1189 859 1206 895 a
1218 837 1269 895 fide

182 937 259 994 avita
283 935 453 1003 desciscere,
474 937 698 1012 propinquorum
719 934 940 995 acatholicorum
967 954 1063 1012 opera.
1108 937 1267 995 Amovendi

183 1045 279 1094 sunta
298 1046 452 1111 conspeetu
466 1044 494 1091 et
513 1033 598 1093 domo
612 1033 783 1102 moribundi,
799 1035 848 1107 qui
868 1033 896 1092 ei
918 1034 1028 1092 lucrant
1046 1035 1119 1092 socii
1145 1045 1175 1092 et
1194 1055 1268 1094 occa·

184 1136 281 1193 siones
294 1134 423 1210 peccati:
444 1135 601 1210 prasertim
616 1151 737 1205 quorum
758 1134 910 1210 presentia
923 1134 968 1191 vel
989 1133 1112 1210 publicae
1132 1133 1269 1193 honestati

181 1242 330 1310 repugnat,
339 1234 385 1291 vel
398 1232 557 1309 perieulum
568 1234 703 1291 morituro
712 1232 811 1290 afferre
825 1233 926 1309 possit:
942 1242 971 1289 at
983 1233 1008 1289 si
1021 1231 1050 1291 id
1063 1232 1129 1290 fieri
1141 1242 1268 1306 nequeat

182 1334 329 1410 poenitenti
343 1343 436 1391 tamen
458 1333 488 1388 in
511 1331 674 1390 discrimine
693 1332 787 1407 posito
811 1331 1032 1389 succurrendum
1054 1341 1109 1388 est.
1149 1333 1268 1409 Propiu-

179 1450 311 1505 quorum,
340 1450 413 1504 quos
438 1431 535 1489 sorsan
560 1432 688 1489 simultas
721 1431 815 1503 aliqua
847 1430 946 1506 procul
973 1430 1105 1498 tenuerit,
1140 1442 1266 1490 accessus

183 1529 361 1604 quarendus,
376 1540 407 1588 ut
420 1549 476 1607 pax
491 1531 611 1599 ineatur,
624 1529 802 1587 etcharitatis
817 1528 917 1587 soedus.

221 1634 291 1689 212.
314 1629 493 1697 Moribundi,
508 1631 568 1701 qui,
582 1630 712 1687 sensibus
733 1627 868 1695 destituti,
882 1628 992 1687 nullum
1013 1629 1112 1686 valent
1124 1629 1209 1688 edere
1223 1631 1268 1689 do·

180 1730 250 1788 loris
271 1729 419 1796 indicium,
440 1728 605 1789 absolvendi
625 1737 699 1796 sunt,
721 1729 746 1785 si
766 1727 920 1786 confitendi
940 1727 1115 1785 desiderium
1135 1740 1164 1787 et
1184 1733 1267 1789 animi

181 1827 308 1887 dolorem
328 1827 504 1888 ostenderint
518 1829 601 1904 juxta
615 1828 727 1885 Rituale
742 1826 915 1895 Romanum,
931 1825 1009 1899 quod
1022 1828 1139 1886 concilii
1153 1827 1268 1887 Cartha·

180 1927 307 2005 ginensis
334 1929 388 1987 IV.
409 1938 438 1985 et
462 1928 630 1986 Arausicani
653 1918 692 1985 l.¹
713 1927 826 1985 fulcitur
851 1926 1025 1985 auctoritate.
1067 1927 1119 1985 Sic
1139 1940 1168 1985 et
1185 1929 1268 2006 jussit

181 2027 213 2083 S.
241 2027 302 2085 Leo
323 2028 388 2085 M.:
412 2035 431 2062 ‘⁴
443 2027 476 2084 Si
496 2027 583 2097 aliqui
604 2025 769 2101 aegritudine
789 2026 827 2082 ita
845 2024 949 2082 fuerint
968 2027 1125 2101 aggravati,
1145 2035 1178 2085 ut
1196 2026 1267 2100 quod

180 2125 266 2201 paulo
275 2135 338 2184 ante
350 2127 515 2202 poscebant,
526 2125 577 2182 sub
587 2125 737 2200 praeseutia
747 2122 901 2182 sacerdotis
911 2123 1072 2199 siguificare
1084 2144 1143 2183 non
1152 2127 1266 2191 valeant,

181 2224 344 2281 testimonia
368 2225 410 2281 eis
436 2223 563 2281 fidelium
590 2234 618 2278 ot
640 2225 883 2282 circumstantium
910 2221 1047 2299 prodesse
1068 2225 1221 2292 debebunt,
1241 2233 1269 2281 ut

179 2321 265 2378 simul
279 2330 307 2378 et
320 2322 511 2396 poeuiteutiam
525 2331 553 2377 et
565 2322 803 2381 reconciliationis
816 2322 987 2380 beneficium
1008 2317 1267 2396 consequantur.''²

180 2419 355 2495 Simpliciter
368 2419 489 2478 dandam
502 2439 566 2479 esse
581 2439 616 2478 eo
637 2441 704 2479 casn
726 2422 944 2490 absolutionem,
959 2421 1038 2479 nulla
1057 2423 1191 2499 apposita
1203 2441 1265 2481 con·

178 2518 297 2587 ditione,
312 2520 440 2596 plerique
453 2528 561 2596 putant,
575 2521 643 2592 quia
656 2532 700 2577 est
712 2520 864 2596 probabilis
879 2521 1005 2587 materia,
1016 2530 1045 2578 et
1058 2521 1094 2578 de
1108 2522 1268 2580 conditione

180 2619 244 2676 silet
266 2619 397 2677 Rituale:
432 2619 554 2692 quodsi
582 2620 619 2677 sit
646 2622 740 2695 gravis
770 2621 841 2678 ratio
866 2618 1022 2688 dubitandi,
1040 2629 1137 2678 utrum
1165 2620 1268 2680 doloris

179 2718 285 2776 indicia
309 2718 413 2776 fuerint
438 2718 618 2786 sufficientia,
639 2720 723 2777 tutius
744 2721 798 2775 erit
817 2717 1009 2776 conditionem
1031 2738 1195 2795 apponere:
1218 2719 1269 2776 ‘Si

177 2817 333 2894 dispositus
347 2817 400 2875 es.’
443 2819 476 2875 Si
486 2837 544 2875 non
555 2826 664 2874 constet
674 2835 723 2875 eos
733 2816 904 2874 desiderium
914 2816 1084 2892 hujusmodi
1094 2819 1266 2886 ostendisse,

176 2917 306 2994 plerique
326 2915 486 2975 concedunt
498 2935 547 2973 eos
562 2916 671 2973 absolvi
691 2935 776 2993 posse
791 2918 840 2987 qui
861 2914 1015 2974 christiano
1030 2936 1112 2976 more
1125 2918 1266 2984 vixerunt,

177 3017 308 3074 voluntas
323 3018 397 3074 enim
412 3025 619 3074 sacramentum
634 3015 690 3072 hoc
703 3015 862 3091 accipiendi
876 3032 912 3072 ex
928 3016 992 3073 vitae
1005 3017 1149 3075 constanti
1162 3018 1268 3074 ratione

177 3116 328 3193 colligitur.
371 3116 403 3173 Si
427 3115 606 3191 neglexerint
626 3114 674 3172 diu
694 3125 878 3181 sacramenta,
901 3115 978 3172 vitiis
1000 3115 1096 3192 palam
1116 3116 1265 3187 inquinati,

176 3223 288 3272 servato
302 3223 395 3271 tamen
410 3232 476 3289 erga
489 3215 657 3290 religionem
679 3215 791 3280 affectu,
807 3223 850 3271 est
869 3213 984 3286 quidem
999 3215 1072 3272 ratio
1093 3213 1266 3291 conjiciendi

176 3329 226 3369 eos
249 3312 321 3370 velle
344 3312 397 3367 sub
416 3321 536 3370 mortem
563 3313 704 3371 Ecclesiae
732 3312 867 3371 subsidiis
892 3313 1008 3380 muniri,
1030 3314 1163 3385 quamvis
1187 3312 1266 3371 valde

175 3409 294 3468 dubium
309 3410 345 3466 sit
358 3418 450 3466 utrum
462 3412 574 3485 possint
587 3412 708 3484 aliquem
722 3412 789 3470 iude
803 3411 929 3470 derivare
944 3412 1077 3470 fructum.
1122 3412 1265 3471 Oaeterum

175 3507 209 3565 de
223 3510 258 3566 iis
269 3509 343 3566 valet
352 3509 506 3584 Augustini
519 3510 641 3568 dictum:
665 3520 683 3546 “
694 3512 759 3588 Ego
770 3531 827 3569 non
841 3512 933 3569 solum
947 3512 1018 3569 alios
1033 3513 1262 3577 catechumenos,

174 3609 370 3667 verumetiam
389 3608 478 3684 ipsos,
494 3611 542 3682 qui
557 3610 709 3668 viventium
731 3611 871 3688 conjugiis
885 3611 1010 3687 copulati
1030 3611 1155 3670 retinent
1168 3611 1260 3670 adule-

174 3711 237 3768 rina
249 3709 401 3776 consortia,
417 3727 482 3766 cum
496 3710 590 3769 salvos
610 3727 727 3785 corpore
743 3711 771 3768 in
785 3710 831 3767 his
846 3719 1044 3786 permanentes
1063 3729 1122 3769 non
1139 3711 1261 3768 admitta-

174 3828 237 3867 mus
264 3809 298 3892 ad
324 3809 515 3886 baptismum;
537 3818 631 3868 tamen
656 3810 681 3865 si
707 3809 858 3886 desperati,
886 3818 914 3867 et
940 3810 1012 3867 intra
1037 3826 1069 3865 se
1094 3811 1259 3886 prenitentes

167 3885 317 3984 jacuerint,
331 3927 384 3967 nec
394 3927 446 3983 pro
458 3927 488 3966 se
499 3907 671 3986 respondere
682 3911 834 3984 potuerint,
846 3909 1033 3985 baptizandos
1047 3918 1129 3985 puto,
1140 3918 1172 3965 ut
1179 3909 1258 3966 etram

172 4005 228 4065 hoc
249 4017 397 4084 peccatum
420 4027 486 4065 cum
507 4009 616 4065 caeteris
636 4006 748 4065 lavacro
769 4009 991 4085 regenerationis
1009 4007 1148 4065 abluatur.
1191 4003 1256 4073 Quis

172 4106 248 4163 enim
276 4107 364 4172 novit,
390 4115 483 4164 utrum
507 4106 634 4164 fortassis
658 4103 819 4164 adulterine
846 4108 939 4164 carnis
961 4107 1097 4166 illecebra
1115 4123 1207 4180 usque
1225 4100 1255 4161 ad

205 4312 248 4380 (l)
268 4309 331 4360 Can.
342 4312 417 4363 lxxvi,
546 4353 558 4374 ,
606 4317 648 4384 (2)
669 4314 732 4364 Cau.
743 4315 785 4367 xii.
973 4317 1016 4383 (3)
1036 4315 1117 4383 Epist.
1129 4313 1222 4368 lxxxix.
