<?xml version="1.0" encoding="UTF-8"?>
<!DOCTYPE html PUBLIC "-//W3C//DTD XHTML 1.0 Transitional//EN"
    "http://www.w3.org/TR/xhtml1/DTD/xhtml1-transitional.dtd">
<html xmlns="http://www.w3.org/1999/xhtml" xml:lang="en" lang="en">
 <head>
  <title>
</title>
<meta http-equiv="Content-Type" content="text/html;charset=utf-8" />
  <meta name='ocr-system' content='tesseract 3.04.00' />
  <meta name='ocr-capabilities' content='ocr_page ocr_carea ocr_par ocr_line ocrx_word'/>
</head>
<body>
  <div class='ocr_page' id='page_1' title='image "./theologiaemoral01kenrgoog_0118.png"; bbox 0 0 2640 4860; ppageno 0'>
   <div class='ocr_carea' id='block_1_1' title="bbox 311 109 1214 173">
    <p class='ocr_par' dir='ltr' id='par_1_1' title="bbox 311 109 1214 173">
     <span class='ocr_line' id='line_1_1' title="bbox 311 109 1214 173; baseline 0 -1"><span class='ocrx_word' id='word_1_1' title='bbox 311 112 369 173; x_wconf 85' lang='lat' dir='ltr'>DE</span> <span class='ocrx_word' id='word_1_2' title='bbox 391 110 689 173; x_wconf 77' lang='lat' dir='ltr'>SUSCEPTIONE</span> <span class='ocrx_word' id='word_1_3' title='bbox 710 109 1026 171; x_wconf 76' lang='lat' dir='ltr'>EUOHARISTIAE.</span> <span class='ocrx_word' id='word_1_4' title='bbox 1174 117 1214 172; x_wconf 79' lang='lat'>05</span> 
     </span>
    </p>
   </div>
   <div class='ocr_carea' id='block_1_2' title="bbox 106 275 1288 2507">
    <p class='ocr_par' dir='ltr' id='par_1_2' title="bbox 106 275 1216 1043">
     <span class='ocr_line' id='line_1_2' title="bbox 106 275 1210 356; baseline -0.002 -18"><span class='ocrx_word' id='word_1_5' title='bbox 106 279 215 338; x_wconf 81' lang='lat' dir='ltr'>cibum</span> <span class='ocrx_word' id='word_1_6' title='bbox 228 286 388 356; x_wconf 85' lang='lat' dir='ltr'>potumque</span> <span class='ocrx_word' id='word_1_7' title='bbox 401 279 553 342; x_wconf 91' lang='lat' dir='ltr'>minimum</span> <span class='ocrx_word' id='word_1_8' title='bbox 565 286 710 354; x_wconf 89' lang='lat' dir='ltr'>sumptum</span> <span class='ocrx_word' id='word_1_9' title='bbox 720 278 829 335; x_wconf 87' lang='lat' dir='ltr'>Missas</span> <span class='ocrx_word' id='word_1_10' title='bbox 840 277 931 335; x_wconf 86' lang='lat' dir='ltr'>iacere</span> <span class='ocrx_word' id='word_1_11' title='bbox 944 275 1130 353; x_wconf 76' lang='lat' dir='ltr'>presumat”</span> <span class='ocrx_word' id='word_1_12' title='bbox 1167 276 1210 336; x_wconf 87' lang='lat' dir='ltr'>lte</span> 
     </span>
     <span class='ocr_line' id='line_1_3' title="bbox 111 373 1211 454; baseline -0.001 -19"><span class='ocrx_word' id='word_1_13' title='bbox 111 377 331 454; x_wconf 61' lang='lat' dir='ltr'>sitiphensis</span> <span class='ocrx_word' id='word_1_14' title='bbox 342 373 367 434; x_wconf 86' lang='lat'>:¹</span> <span class='ocrx_word' id='word_1_15' title='bbox 381 377 495 436; x_wconf 84' lang='lat' dir='ltr'>“Secus</span> <span class='ocrx_word' id='word_1_16' title='bbox 508 394 576 435; x_wconf 84' lang='lat' dir='ltr'>vero</span> <span class='ocrx_word' id='word_1_17' title='bbox 586 375 816 434; x_wconf 89' lang='lat' dir='ltr'>dicendum-de</span> <span class='ocrx_word' id='word_1_18' title='bbox 825 377 908 434; x_wconf 87' lang='lat' dir='ltr'>rebus</span> <span class='ocrx_word' id='word_1_19' title='bbox 917 375 1136 452; x_wconf 73' lang='lat' dir='ltr'>digestibilibus,</span> <span class='ocrx_word' id='word_1_20' title='bbox 1148 394 1211 448; x_wconf 84' lang='lat' dir='ltr'>qnae</span> 
     </span>
     <span class='ocr_line' id='line_1_4' title="bbox 115 474 1216 551; baseline -0.002 -18"><span class='ocrx_word' id='word_1_21' title='bbox 115 496 137 533; x_wconf 93' lang='lat' dir='ltr'>a</span> <span class='ocrx_word' id='word_1_22' title='bbox 149 475 300 535; x_wconf 82' lang='lat' dir='ltr'><strong>stomacho</strong></span> <span class='ocrx_word' id='word_1_23' title='bbox 311 476 422 534; x_wconf 88' lang='lat' dir='ltr'>alterari</span> <span class='ocrx_word' id='word_1_24' title='bbox 435 485 464 533; x_wconf 88' lang='lat' dir='ltr'>et</span> <span class='ocrx_word' id='word_1_25' title='bbox 476 476 506 532; x_wconf 93' lang='lat' dir='ltr'>in</span> <span class='ocrx_word' id='word_1_26' title='bbox 519 476 704 533; x_wconf 81' lang='lat' dir='ltr'>substantiam</span> <span class='ocrx_word' id='word_1_27' title='bbox 716 474 839 532; x_wconf 89' lang='lat' dir='ltr'>hominis</span> <span class='ocrx_word' id='word_1_28' title='bbox 853 474 979 533; x_wconf 86' lang='lat' dir='ltr'>converti</span> <span class='ocrx_word' id='word_1_29' title='bbox 992 485 1123 551; x_wconf 87' lang='lat' dir='ltr'>possunt,</span> <span class='ocrx_word' id='word_1_30' title='bbox 1132 484 1216 550; x_wconf 90' lang='lat' dir='ltr'>prout</span> 
     </span>
     <span class='ocr_line' id='line_1_5' title="bbox 115 572 1214 650; baseline -0.001 -18"><span class='ocrx_word' id='word_1_31' title='bbox 115 586 188 634; x_wconf 84' lang='lat' dir='ltr'>sunt</span> <span class='ocrx_word' id='word_1_32' title='bbox 210 575 317 641; x_wconf 87' lang='lat' dir='ltr'>charta,</span> <span class='ocrx_word' id='word_1_33' title='bbox 339 575 431 650; x_wconf 88' lang='lat' dir='ltr'>palea,</span> <span class='ocrx_word' id='word_1_34' title='bbox 445 574 526 631; x_wconf 89' lang='lat' dir='ltr'>filum</span> <span class='ocrx_word' id='word_1_35' title='bbox 546 592 584 632; x_wconf 86' lang='lat' dir='ltr'>ex</span> <span class='ocrx_word' id='word_1_36' title='bbox 609 573 679 642; x_wconf 91' lang='lat' dir='ltr'>lino,</span> <span class='ocrx_word' id='word_1_37' title='bbox 701 573 794 649; x_wconf 90' lang='lat' dir='ltr'>pulvis</span> <span class='ocrx_word' id='word_1_38' title='bbox 817 572 1005 641; x_wconf 88' lang='lat' dir='ltr'>medicinalis,</span> <span class='ocrx_word' id='word_1_39' title='bbox 1026 592 1100 631; x_wconf 91' lang='lat' dir='ltr'>cera.</span> <span class='ocrx_word' id='word_1_40' title='bbox 1134 572 1214 631; x_wconf 86' lang='lat' dir='ltr'><strong>Idem</strong></span> 
     </span>
     <span class='ocr_line' id='line_1_6' title="bbox 113 672 1214 750; baseline -0.003 -18"><span class='ocrx_word' id='word_1_41' title='bbox 113 673 219 732; x_wconf 86' lang='lat' dir='ltr'>dicunt</span> <span class='ocrx_word' id='word_1_42' title='bbox 232 672 487 750; x_wconf 89' lang='lat' dir='ltr'>probabilius-de</span> <span class='ocrx_word' id='word_1_43' title='bbox 503 681 575 730; x_wconf 91' lang='lat' dir='ltr'>terra</span> <span class='ocrx_word' id='word_1_44' title='bbox 588 690 639 730; x_wconf 90' lang='lat' dir='ltr'>seu</span> <span class='ocrx_word' id='word_1_45' title='bbox 659 682 743 739; x_wconf 87' lang='lat' dir='ltr'>creta,</span> <span class='ocrx_word' id='word_1_46' title='bbox 759 690 844 743; x_wconf 90' lang='lat' dir='ltr'>quam</span> <span class='ocrx_word' id='word_1_47' title='bbox 864 672 998 731; x_wconf 88' lang='lat' dir='ltr'>mulieres</span> <span class='ocrx_word' id='word_1_48' title='bbox 1012 672 1096 729; x_wconf 90' lang='lat' dir='ltr'>edere</span> <span class='ocrx_word' id='word_1_49' title='bbox 1110 672 1214 741; x_wconf 82' lang='lat' dir='ltr'>solent,</span> 
     </span>
     <span class='ocr_line' id='line_1_7' title="bbox 119 765 1216 844; baseline -0.003 -14"><span class='ocrx_word' id='word_1_50' title='bbox 119 792 192 831; x_wconf 91' lang='lat' dir='ltr'>cum</span> <span class='ocrx_word' id='word_1_51' title='bbox 204 774 237 832; x_wconf 92' lang='lat' dir='ltr'>in</span> <span class='ocrx_word' id='word_1_52' title='bbox 249 788 284 829; x_wconf 88' lang='lat' dir='ltr'>ea</span> <span class='ocrx_word' id='word_1_53' title='bbox 297 770 406 844; x_wconf 92' lang='lat' dir='ltr'>aliquid</span> <span class='ocrx_word' id='word_1_54' title='bbox 420 771 579 830; x_wconf 87' lang='lat' dir='ltr'>inveniatur</span> <span class='ocrx_word' id='word_1_55' title='bbox 591 790 609 828; x_wconf 94' lang='lat' dir='ltr'>a</span> <span class='ocrx_word' id='word_1_56' title='bbox 625 768 773 828; x_wconf 85' lang='lat' dir='ltr'>stomacho</span> <span class='ocrx_word' id='word_1_57' title='bbox 787 769 938 838; x_wconf 88' lang='lat' dir='ltr'>alterabile,</span> <span class='ocrx_word' id='word_1_58' title='bbox 953 779 982 828; x_wconf 90' lang='lat' dir='ltr'>et</span> <span class='ocrx_word' id='word_1_59' title='bbox 1000 765 1216 829; x_wconf 84' lang='lat' dir='ltr'>nutritivum.”²</span> 
     </span>
     <span class='ocr_line' id='line_1_8' title="bbox 114 868 1214 947; baseline -0.002 -19"><span class='ocrx_word' id='word_1_60' title='bbox 114 871 154 928; x_wconf 90' lang='lat' dir='ltr'>Id</span> <span class='ocrx_word' id='word_1_61' title='bbox 168 869 326 931; x_wconf 90' lang='lat' dir='ltr'>dicendum</span> <span class='ocrx_word' id='word_1_62' title='bbox 339 871 444 947; x_wconf 90' lang='lat' dir='ltr'>pariter</span> <span class='ocrx_word' id='word_1_63' title='bbox 457 869 492 928; x_wconf 90' lang='lat' dir='ltr'>de</span> <span class='ocrx_word' id='word_1_64' title='bbox 512 869 628 944; x_wconf 86' lang='lat' dir='ltr'>pulvere</span> <span class='ocrx_word' id='word_1_65' title='bbox 642 868 740 934; x_wconf 89' lang='lat' dir='ltr'>tabaci,</span> <span class='ocrx_word' id='word_1_66' title='bbox 756 886 841 940; x_wconf 90' lang='lat' dir='ltr'>quem</span> <span class='ocrx_word' id='word_1_67' title='bbox 861 869 994 926; x_wconf 89' lang='lat' dir='ltr'>mulieres</span> <span class='ocrx_word' id='word_1_68' title='bbox 1007 886 1214 941; x_wconf 86' lang='lat' dir='ltr'>nonnunquam</span> 
     </span>
     <span class='ocr_line' id='line_1_9' title="bbox 117 967 875 1043; baseline -0.001 -16"><span class='ocrx_word' id='word_1_69' title='bbox 117 970 256 1028; x_wconf 83' lang='lat' dir='ltr'>dentibus</span> <span class='ocrx_word' id='word_1_70' title='bbox 269 976 437 1036; x_wconf 83' lang='lat' dir='ltr'>conterunt,</span> <span class='ocrx_word' id='word_1_71' title='bbox 445 977 474 1025; x_wconf 89' lang='lat' dir='ltr'>et</span> <span class='ocrx_word' id='word_1_72' title='bbox 486 969 517 1025; x_wconf 93' lang='lat' dir='ltr'>in</span> <span class='ocrx_word' id='word_1_73' title='bbox 530 967 708 1026; x_wconf 87' lang='lat' dir='ltr'>stomachum</span> <span class='ocrx_word' id='word_1_74' title='bbox 722 967 875 1043; x_wconf 86' lang='lat' dir='ltr'>trajiciunt.</span> 
     </span>
    </p>

    <p class='ocr_par' dir='ltr' id='par_1_3' title="bbox 111 1064 1288 2507">
     <span class='ocr_line' id='line_1_10' title="bbox 161 1064 1215 1144; baseline -0.001 -18"><span class='ocrx_word' id='word_1_75' title='bbox 161 1072 213 1126; x_wconf 83' lang='grc'>67.</span> <span class='ocrx_word' id='word_1_76' title='bbox 235 1065 386 1144; x_wconf 88' lang='lat' dir='ltr'>Jejunium</span> <span class='ocrx_word' id='word_1_77' title='bbox 407 1087 424 1124; x_wconf 91' lang='lat' dir='ltr'>a</span> <span class='ocrx_word' id='word_1_78' title='bbox 444 1065 538 1126; x_wconf 87' lang='lat' dir='ltr'>media</span> <span class='ocrx_word' id='word_1_79' title='bbox 558 1076 640 1124; x_wconf 89' lang='lat' dir='ltr'>nocte</span> <span class='ocrx_word' id='word_1_80' title='bbox 659 1065 791 1141; x_wconf 68' lang='lat' dir='ltr'>exigitur,</span> <span class='ocrx_word' id='word_1_81' title='bbox 805 1066 943 1125; x_wconf 80' lang='lat' dir='ltr'>sciliceta</span> <span class='ocrx_word' id='word_1_82' title='bbox 956 1064 1048 1142; x_wconf 91' lang='lat' dir='ltr'>primo</span> <span class='ocrx_word' id='word_1_83' title='bbox 1061 1065 1118 1123; x_wconf 89' lang='lat' dir='ltr'>ictu</span> <span class='ocrx_word' id='word_1_84' title='bbox 1133 1065 1215 1125; x_wconf 88' lang='lat' dir='ltr'>horo·</span> 
     </span>
     <span class='ocr_line' id='line_1_11' title="bbox 111 1163 1215 1243; baseline -0.001 -19"><span class='ocrx_word' id='word_1_85' title='bbox 111 1167 191 1243; x_wconf 89' lang='lat' dir='ltr'>logii</span> <span class='ocrx_word' id='word_1_86' title='bbox 214 1183 280 1224; x_wconf 87' lang='lat' dir='ltr'>eam</span> <span class='ocrx_word' id='word_1_87' title='bbox 306 1166 517 1224; x_wconf 88' lang='lat' dir='ltr'>annuntiantis:</span> <span class='ocrx_word' id='word_1_88' title='bbox 540 1164 662 1237; x_wconf 88' lang='lat' dir='ltr'>quodsi</span> <span class='ocrx_word' id='word_1_89' title='bbox 685 1165 794 1222; x_wconf 84' lang='lat' dir='ltr'>varient</span> <span class='ocrx_word' id='word_1_90' title='bbox 820 1164 978 1240; x_wconf 87' lang='lat' dir='ltr'>horologia,</span> <span class='ocrx_word' id='word_1_91' title='bbox 999 1164 1070 1222; x_wconf 83' lang='lat' dir='ltr'>licet</span> <span class='ocrx_word' id='word_1_92' title='bbox 1080 1163 1215 1223; x_wconf 90' lang='lat' dir='ltr'>ultimum</span> 
     </span>
     <span class='ocr_line' id='line_1_12' title="bbox 116 1261 1214 1338; baseline -0.003 -15"><span class='ocrx_word' id='word_1_93' title='bbox 116 1265 219 1338; x_wconf 84' lang='lat' dir='ltr'>sequi,</span> <span class='ocrx_word' id='word_1_94' title='bbox 233 1265 291 1323; x_wconf 90' lang='lat' dir='ltr'>nisi</span> <span class='ocrx_word' id='word_1_95' title='bbox 310 1273 422 1323; x_wconf 89' lang='lat' dir='ltr'>constet</span> <span class='ocrx_word' id='word_1_96' title='bbox 441 1263 476 1322; x_wconf 92' lang='lat' dir='ltr'>de</span> <span class='ocrx_word' id='word_1_97' title='bbox 496 1282 600 1330; x_wconf 88' lang='lat' dir='ltr'>errore,</span> <span class='ocrx_word' id='word_1_98' title='bbox 614 1263 660 1321; x_wconf 88' lang='lat' dir='ltr'>vel</span> <span class='ocrx_word' id='word_1_99' title='bbox 680 1261 750 1321; x_wconf 94' lang='lat' dir='ltr'>illud</span> <span class='ocrx_word' id='word_1_100' title='bbox 769 1262 936 1338; x_wconf 88' lang='lat' dir='ltr'>plerumque</span> <span class='ocrx_word' id='word_1_101' title='bbox 957 1279 1050 1321; x_wconf 91' lang='lat' dir='ltr'>errare</span> <span class='ocrx_word' id='word_1_102' title='bbox 1070 1272 1214 1321; x_wconf 88' lang='lat' dir='ltr'>noscatur.</span> 
     </span>
     <span class='ocr_line' id='line_1_13' title="bbox 117 1360 1257 1439; baseline -0.003 -18"><span class='ocrx_word' id='word_1_103' title='bbox 117 1364 156 1421; x_wconf 81' lang='lat' dir='ltr'>Si</span> <span class='ocrx_word' id='word_1_104' title='bbox 171 1365 237 1436; x_wconf 89' lang='lat' dir='ltr'>quis</span> <span class='ocrx_word' id='word_1_105' title='bbox 252 1361 363 1421; x_wconf 86' lang='lat' dir='ltr'>dubitet</span> <span class='ocrx_word' id='word_1_106' title='bbox 381 1372 474 1422; x_wconf 91' lang='lat' dir='ltr'>utrum</span> <span class='ocrx_word' id='word_1_107' title='bbox 487 1371 553 1438; x_wconf 90' lang='lat' dir='ltr'>post</span> <span class='ocrx_word' id='word_1_108' title='bbox 565 1362 687 1420; x_wconf 90' lang='lat' dir='ltr'>mediam</span> <span class='ocrx_word' id='word_1_109' title='bbox 702 1371 814 1418; x_wconf 89' lang='lat' dir='ltr'>noctem</span> <span class='ocrx_word' id='word_1_110' title='bbox 830 1362 899 1433; x_wconf 89' lang='lat' dir='ltr'>quid</span> <span class='ocrx_word' id='word_1_111' title='bbox 915 1360 1104 1439; x_wconf 84' lang='lat' dir='ltr'>deglutiverit,</span> <span class='ocrx_word' id='word_1_112' title='bbox 1118 1373 1216 1419; x_wconf 89' lang='lat' dir='ltr'>censet</span> <span class='ocrx_word' id='word_1_113' title='bbox 1254 1366 1257 1371; x_wconf 81' lang='grc'>’</span> 
     </span>
     <span class='ocr_line' id='line_1_14' title="bbox 119 1461 1216 1539; baseline -0.001 -20"><span class='ocrx_word' id='word_1_114' title='bbox 119 1463 156 1519; x_wconf 76' lang='lat' dir='ltr'>S.</span> <span class='ocrx_word' id='word_1_115' title='bbox 171 1462 342 1539; x_wconf 82' lang='lat' dir='ltr'>Alphonsus</span> <span class='ocrx_word' id='word_1_116' title='bbox 362 1480 430 1520; x_wconf 90' lang='lat' dir='ltr'>eum</span> <span class='ocrx_word' id='word_1_117' title='bbox 451 1479 537 1537; x_wconf 89' lang='lat' dir='ltr'>posse</span> <span class='ocrx_word' id='word_1_118' title='bbox 558 1461 779 1526; x_wconf 89' lang='lat' dir='ltr'>communicare,</span> <span class='ocrx_word' id='word_1_119' title='bbox 794 1461 871 1531; x_wconf 91' lang='lat' dir='ltr'>quia,</span> <span class='ocrx_word' id='word_1_120' title='bbox 885 1479 972 1532; x_wconf 91' lang='lat' dir='ltr'>quum</span> <span class='ocrx_word' id='word_1_121' title='bbox 993 1461 1148 1537; x_wconf 86' lang='lat' dir='ltr'>prohibitio</span> <span class='ocrx_word' id='word_1_122' title='bbox 1171 1479 1216 1518; x_wconf 90' lang='lat' dir='ltr'>ac-</span> 
     </span>
     <span class='ocr_line' id='line_1_15' title="bbox 117 1558 1288 1638; baseline -0.003 -20"><span class='ocrx_word' id='word_1_123' title='bbox 117 1560 247 1619; x_wconf 89' lang='lat' dir='ltr'>cedendi</span> <span class='ocrx_word' id='word_1_124' title='bbox 258 1561 297 1618; x_wconf 86' lang='lat' dir='ltr'>sit</span> <span class='ocrx_word' id='word_1_125' title='bbox 310 1561 452 1638; x_wconf 85' lang='lat' dir='ltr'>negativa,</span> <span class='ocrx_word' id='word_1_126' title='bbox 466 1559 550 1618; x_wconf 89' lang='lat' dir='ltr'>debet</span> <span class='ocrx_word' id='word_1_127' title='bbox 563 1570 692 1618; x_wconf 78' lang='lat' dir='ltr'>constare</span> <span class='ocrx_word' id='word_1_128' title='bbox 705 1558 741 1615; x_wconf 91' lang='lat' dir='ltr'>de</span> <span class='ocrx_word' id='word_1_129' title='bbox 754 1559 939 1625; x_wconf 80' lang='lat' dir='ltr'>comestione,</span> <span class='ocrx_word' id='word_1_130' title='bbox 954 1558 1000 1615; x_wconf 87' lang='lat' dir='ltr'>vel</span> <span class='ocrx_word' id='word_1_131' title='bbox 1012 1568 1091 1635; x_wconf 89' lang='lat' dir='ltr'>potu,</span> <span class='ocrx_word' id='word_1_132' title='bbox 1103 1570 1135 1616; x_wconf 94' lang='lat' dir='ltr'>ut</span> <span class='ocrx_word' id='word_1_133' title='bbox 1147 1560 1213 1631; x_wconf 92' lang='lat' dir='ltr'>quis</span> <span class='ocrx_word' id='word_1_134' title='bbox 1284 1588 1288 1595; x_wconf 83' lang='lat'>.</span> 
     </span>
     <span class='ocr_line' id='line_1_16' title="bbox 115 1655 1218 1736; baseline -0.005 -19"><span class='ocrx_word' id='word_1_135' title='bbox 115 1678 154 1718; x_wconf 79' lang='lat' dir='ltr'>ee</span> <span class='ocrx_word' id='word_1_136' title='bbox 168 1660 273 1717; x_wconf 84' lang='lat' dir='ltr'>habeat</span> <span class='ocrx_word' id='word_1_137' title='bbox 286 1658 475 1736; x_wconf 88' lang='lat' dir='ltr'>impeditum:</span> <span class='ocrx_word' id='word_1_138' title='bbox 491 1658 566 1731; x_wconf 91' lang='lat' dir='ltr'>quod</span> <span class='ocrx_word' id='word_1_139' title='bbox 581 1659 682 1716; x_wconf 85' lang='lat' dir='ltr'>saltem</span> <span class='ocrx_word' id='word_1_140' title='bbox 695 1655 847 1715; x_wconf 90' lang='lat' dir='ltr'>dicendum</span> <span class='ocrx_word' id='word_1_141' title='bbox 858 1655 979 1723; x_wconf 87' lang='lat' dir='ltr'>videtur,</span> <span class='ocrx_word' id='word_1_142' title='bbox 993 1657 1043 1715; x_wconf 92' lang='lat' dir='ltr'>ubi</span> <span class='ocrx_word' id='word_1_143' title='bbox 1056 1656 1134 1714; x_wconf 92' lang='lat' dir='ltr'>nulla</span> <span class='ocrx_word' id='word_1_144' title='bbox 1146 1656 1218 1714; x_wconf 90' lang='lat' dir='ltr'>ratio</span> 
     </span>
     <span class='ocr_line' id='line_1_17' title="bbox 114 1754 1216 1834; baseline -0.005 -18"><span class='ocrx_word' id='word_1_145' title='bbox 114 1758 282 1834; x_wconf 77' lang='lat' dir='ltr'>probabilis</span> <span class='ocrx_word' id='word_1_146' title='bbox 290 1757 392 1816; x_wconf 89' lang='lat' dir='ltr'>suadet</span> <span class='ocrx_word' id='word_1_147' title='bbox 404 1776 471 1816; x_wconf 89' lang='lat' dir='ltr'>eum</span> <span class='ocrx_word' id='word_1_148' title='bbox 486 1756 655 1815; x_wconf 89' lang='lat' dir='ltr'>comedisse.</span> <span class='ocrx_word' id='word_1_149' title='bbox 679 1765 698 1791; x_wconf 78' lang='lat'>‘⁶</span> <span class='ocrx_word' id='word_1_150' title='bbox 710 1756 774 1813; x_wconf 92' lang='lat' dir='ltr'>Nec</span> <span class='ocrx_word' id='word_1_151' title='bbox 787 1754 905 1822; x_wconf 88' lang='lat' dir='ltr'>refert,”</span> <span class='ocrx_word' id='word_1_152' title='bbox 920 1756 1014 1826; x_wconf 87' lang='lat' dir='ltr'>inquit</span> <span class='ocrx_word' id='word_1_153' title='bbox 1026 1756 1058 1811; x_wconf 88' lang='lat' dir='ltr'>S.</span> <span class='ocrx_word' id='word_1_154' title='bbox 1074 1754 1216 1819; x_wconf 85' lang='lat' dir='ltr'>Thomas,</span> 
     </span>
     <span class='ocr_line' id='line_1_18' title="bbox 116 1853 1217 1934; baseline -0.004 -20"><span class='ocrx_word' id='word_1_155' title='bbox 116 1866 254 1915; x_wconf 87' lang='lat' dir='ltr'>“utrum</span> <span class='ocrx_word' id='word_1_156' title='bbox 280 1867 348 1934; x_wconf 92' lang='lat' dir='ltr'>post</span> <span class='ocrx_word' id='word_1_157' title='bbox 372 1856 469 1915; x_wconf 90' lang='lat' dir='ltr'>cibum</span> <span class='ocrx_word' id='word_1_158' title='bbox 491 1857 538 1913; x_wconf 88' lang='lat' dir='ltr'>vel</span> <span class='ocrx_word' id='word_1_159' title='bbox 561 1864 660 1932; x_wconf 87' lang='lat' dir='ltr'>potum</span> <span class='ocrx_word' id='word_1_160' title='bbox 681 1863 860 1930; x_wconf 85' lang='lat' dir='ltr'>assumptum</span> <span class='ocrx_word' id='word_1_161' title='bbox 885 1853 1041 1922; x_wconf 89' lang='lat' dir='ltr'>dormierit,</span> <span class='ocrx_word' id='word_1_162' title='bbox 1063 1853 1217 1912; x_wconf 88' lang='lat' dir='ltr'>autetiam</span> 
     </span>
     <span class='ocr_line' id='line_1_19' title="bbox 114 1952 1216 2032; baseline -0.005 -18"><span class='ocrx_word' id='word_1_163' title='bbox 114 1956 254 2032; x_wconf 85' lang='lat' dir='ltr'>digestus</span> <span class='ocrx_word' id='word_1_164' title='bbox 263 1957 310 2023; x_wconf 89' lang='lat' dir='ltr'>sit,</span> <span class='ocrx_word' id='word_1_165' title='bbox 325 1965 463 2027; x_wconf 88' lang='lat' dir='ltr'>quantum</span> <span class='ocrx_word' id='word_1_166' title='bbox 477 1952 512 2011; x_wconf 88' lang='lat' dir='ltr'>ad</span> <span class='ocrx_word' id='word_1_167' title='bbox 525 1955 663 2013; x_wconf 84' lang='lat' dir='ltr'>rationem</span> <span class='ocrx_word' id='word_1_168' title='bbox 676 1955 819 2029; x_wconf 75' lang='lat' dir='ltr'>precepti.</span> <span class='ocrx_word' id='word_1_169' title='bbox 861 1952 962 2011; x_wconf 87' lang='lat' dir='ltr'>Refert</span> <span class='ocrx_word' id='word_1_170' title='bbox 974 1961 1067 2011; x_wconf 85' lang='lat' dir='ltr'>autem</span> <span class='ocrx_word' id='word_1_171' title='bbox 1080 1963 1216 2025; x_wconf 89' lang='lat' dir='ltr'>quantum</span> 
     </span>
     <span class='ocr_line' id='line_1_20' title="bbox 116 2049 1217 2131; baseline -0.003 -21"><span class='ocrx_word' id='word_1_172' title='bbox 116 2054 160 2112; x_wconf 75' lang='lat' dir='ltr'>ad</span> <span class='ocrx_word' id='word_1_173' title='bbox 174 2056 418 2131; x_wconf 88' lang='lat' dir='ltr'>perturbationem</span> <span class='ocrx_word' id='word_1_174' title='bbox 437 2053 550 2121; x_wconf 88' lang='lat' dir='ltr'>mentis,</span> <span class='ocrx_word' id='word_1_175' title='bbox 565 2072 650 2126; x_wconf 88' lang='lat' dir='ltr'>quarn</span> <span class='ocrx_word' id='word_1_176' title='bbox 665 2053 809 2128; x_wconf 89' lang='lat' dir='ltr'>patiuntur</span> <span class='ocrx_word' id='word_1_177' title='bbox 822 2051 952 2110; x_wconf 89' lang='lat' dir='ltr'>homines</span> <span class='ocrx_word' id='word_1_178' title='bbox 967 2061 1081 2129; x_wconf 88' lang='lat' dir='ltr'>propter</span> <span class='ocrx_word' id='word_1_179' title='bbox 1094 2049 1217 2127; x_wconf 88' lang='lat' dir='ltr'>indiges·</span> 
     </span>
     <span class='ocr_line' id='line_1_21' title="bbox 118 2149 1216 2225; baseline -0.005 -16"><span class='ocrx_word' id='word_1_180' title='bbox 118 2155 248 2219; x_wconf 80' lang='lat' dir='ltr'>tionem,</span> <span class='ocrx_word' id='word_1_181' title='bbox 261 2164 309 2212; x_wconf 88' lang='lat' dir='ltr'>aut</span> <span class='ocrx_word' id='word_1_182' title='bbox 328 2153 567 2219; x_wconf 86' lang='lat' dir='ltr'>insomnietatem,</span> <span class='ocrx_word' id='word_1_183' title='bbox 581 2170 618 2210; x_wconf 87' lang='lat' dir='ltr'>ex</span> <span class='ocrx_word' id='word_1_184' title='bbox 633 2151 736 2224; x_wconf 92' lang='lat' dir='ltr'>quibus</span> <span class='ocrx_word' id='word_1_185' title='bbox 758 2151 783 2207; x_wconf 92' lang='lat' dir='ltr'>si</span> <span class='ocrx_word' id='word_1_186' title='bbox 798 2169 880 2207; x_wconf 90' lang='lat' dir='ltr'>mens</span> <span class='ocrx_word' id='word_1_187' title='bbox 894 2150 1013 2209; x_wconf 86' lang='lat' dir='ltr'>multum</span> <span class='ocrx_word' id='word_1_188' title='bbox 1030 2149 1216 2225; x_wconf 89' lang='lat' dir='ltr'>perturbetur,</span> 
     </span>
     <span class='ocr_line' id='line_1_22' title="bbox 120 2242 1219 2330; baseline -0.008 -21"><span class='ocrx_word' id='word_1_189' title='bbox 120 2249 216 2309; x_wconf 86' lang='lat' dir='ltr'>lromo</span> <span class='ocrx_word' id='word_1_190' title='bbox 231 2253 344 2329; x_wconf 88' lang='lat' dir='ltr'>ineptus</span> <span class='ocrx_word' id='word_1_191' title='bbox 357 2252 390 2309; x_wconf 86' lang='lat' dir='ltr'>fit</span> <span class='ocrx_word' id='word_1_192' title='bbox 403 2250 438 2308; x_wconf 90' lang='lat' dir='ltr'>ad</span> <span class='ocrx_word' id='word_1_193' title='bbox 458 2251 652 2326; x_wconf 88' lang='lat' dir='ltr'>sumptionem</span> <span class='ocrx_word' id='word_1_194' title='bbox 665 2249 751 2327; x_wconf 85' lang='lat' dir='ltr'>hujus</span> <span class='ocrx_word' id='word_1_195' title='bbox 765 2242 983 2330; x_wconf 80' lang='lat' dir='ltr'>sacramenti.”³</span> <span class='ocrx_word' id='word_1_196' title='bbox 1016 2247 1075 2304; x_wconf 87' lang='lat' dir='ltr'>Sed</span> <span class='ocrx_word' id='word_1_197' title='bbox 1090 2248 1139 2318; x_wconf 93' lang='lat' dir='ltr'>qui</span> <span class='ocrx_word' id='word_1_198' title='bbox 1153 2245 1219 2302; x_wconf 89' lang='lat' dir='ltr'>sacit</span> 
     </span>
     <span class='ocr_line' id='line_1_23' title="bbox 121 2343 1218 2424; baseline -0.011 -16"><span class='ocrx_word' id='word_1_199' title='bbox 121 2350 206 2421; x_wconf 86' lang='lat' dir='ltr'>quod</span> <span class='ocrx_word' id='word_1_200' title='bbox 219 2351 249 2408; x_wconf 92' lang='lat' dir='ltr'>in</span> <span class='ocrx_word' id='word_1_201' title='bbox 263 2369 295 2408; x_wconf 90' lang='lat' dir='ltr'>se</span> <span class='ocrx_word' id='word_1_202' title='bbox 307 2361 352 2407; x_wconf 90' lang='lat' dir='ltr'>est</span> <span class='ocrx_word' id='word_1_203' title='bbox 365 2349 401 2408; x_wconf 88' lang='lat' dir='ltr'>ad</span> <span class='ocrx_word' id='word_1_204' title='bbox 411 2359 535 2407; x_wconf 87' lang='lat' dir='ltr'>mentem</span> <span class='ocrx_word' id='word_1_205' title='bbox 548 2347 786 2424; x_wconf 86' lang='lat' dir='ltr'>componendam,</span> <span class='ocrx_word' id='word_1_206' title='bbox 801 2364 860 2404; x_wconf 91' lang='lat' dir='ltr'>non</span> <span class='ocrx_word' id='word_1_207' title='bbox 871 2345 1066 2421; x_wconf 87' lang='lat' dir='ltr'>prohibendus</span> <span class='ocrx_word' id='word_1_208' title='bbox 1077 2354 1121 2400; x_wconf 89' lang='lat' dir='ltr'>est</span> <span class='ocrx_word' id='word_1_209' title='bbox 1130 2343 1218 2418; x_wconf 91' lang='lat' dir='ltr'>hujus</span> 
     </span>
     <span class='ocr_line' id='line_1_24' title="bbox 124 2448 462 2507; baseline 0 -4"><span class='ocrx_word' id='word_1_210' title='bbox 124 2449 298 2507; x_wconf 77' lang='lat' dir='ltr'>sacramenti</span> <span class='ocrx_word' id='word_1_211' title='bbox 310 2448 462 2506; x_wconf 89' lang='lat' dir='ltr'>subsidio..</span> 
     </span>
    </p>
   </div>
   <div class='ocr_carea' id='block_1_3' title="bbox 387 2643 974 2718">
    <p class='ocr_par' dir='ltr' id='par_1_4' title="bbox 387 2643 974 2718">
     <span class='ocr_line' id='line_1_25' title="bbox 387 2643 974 2718; baseline -0.01 -16"><span class='ocrx_word' id='word_1_212' title='bbox 387 2646 412 2718; x_wconf 88' lang='lat'>§.</span> <span class='ocrx_word' id='word_1_213' title='bbox 429 2645 466 2701; x_wconf 90' lang='lat' dir='ltr'>V.</span> <span class='ocrx_word' id='word_1_214' title='bbox 508 2643 555 2701; x_wconf 84' lang='lat' dir='ltr'>Dn</span> <span class='ocrx_word' id='word_1_215' title='bbox 576 2661 784 2702; x_wconf 69' lang='lat' dir='ltr'>conmunionis</span> <span class='ocrx_word' id='word_1_216' title='bbox 803 2659 974 2700; x_wconf 75' lang='lat' dir='ltr'>aosuucrrs.</span> 
     </span>
    </p>
   </div>
   <div class='ocr_carea' id='block_1_4' title="bbox 171 2806 1220 2884">
    <p class='ocr_par' dir='ltr' id='par_1_5' title="bbox 171 2806 1220 2884">
     <span class='ocr_line' id='line_1_26' title="bbox 171 2806 1220 2884; baseline -0.009 -12"><span class='ocrx_word' id='word_1_217' title='bbox 171 2819 219 2872; x_wconf 83' lang='grc'>68.</span> <span class='ocrx_word' id='word_1_218' title='bbox 241 2814 313 2871; x_wconf 89' lang='lat' dir='ltr'>Post</span> <span class='ocrx_word' id='word_1_219' title='bbox 333 2814 567 2872; x_wconf 90' lang='lat' dir='ltr'>communionem</span> <span class='ocrx_word' id='word_1_220' title='bbox 593 2814 728 2871; x_wconf 83' lang='lat' dir='ltr'>convenit</span> <span class='ocrx_word' id='word_1_221' title='bbox 752 2811 893 2868; x_wconf 87' lang='lat' dir='ltr'>abstinere</span> <span class='ocrx_word' id='word_1_222' title='bbox 919 2810 954 2866; x_wconf 90' lang='lat' dir='ltr'>ab</span> <span class='ocrx_word' id='word_1_223' title='bbox 980 2806 1143 2883; x_wconf 84' lang='lat' dir='ltr'>expuendo,</span> <span class='ocrx_word' id='word_1_224' title='bbox 1170 2826 1220 2884; x_wconf 90' lang='lat' dir='ltr'>per</span> 
     </span>
    </p>
   </div>
   <div class='ocr_carea' id='block_1_5' title="bbox 126 2907 1315 2990">
    <p class='ocr_par' dir='ltr' id='par_1_6' title="bbox 126 2907 1315 2990">
     <span class='ocr_line' id='line_1_27' title="bbox 126 2907 1315 2990; baseline -0.004 -21"><span class='ocrx_word' id='word_1_225' title='bbox 126 2909 214 2970; x_wconf 89' lang='lat' dir='ltr'>breve</span> <span class='ocrx_word' id='word_1_226' title='bbox 234 2913 335 2971; x_wconf 85' lang='lat' dir='ltr'>saltem</span> <span class='ocrx_word' id='word_1_227' title='bbox 350 2914 490 2990; x_wconf 67' lang='lat' dir='ltr'>spatium</span> <span class='ocrx_word' id='word_1_228' title='bbox 506 2922 639 2970; x_wconf 73' lang='lat' dir='ltr'>caeterum</span> <span class='ocrx_word' id='word_1_229' title='bbox 652 2912 781 2988; x_wconf 90' lang='lat' dir='ltr'>plerique</span> <span class='ocrx_word' id='word_1_230' title='bbox 795 2909 892 2967; x_wconf 87' lang='lat' dir='ltr'>dicunt</span> <span class='ocrx_word' id='word_1_231' title='bbox 908 2908 1017 2965; x_wconf 90' lang='lat' dir='ltr'>nullum</span> <span class='ocrx_word' id='word_1_232' title='bbox 1038 2925 1102 2963; x_wconf 88' lang='lat' dir='ltr'>esse</span> <span class='ocrx_word' id='word_1_233' title='bbox 1123 2925 1222 2983; x_wconf 90' lang='lat' dir='ltr'>pecca·</span> <span class='ocrx_word' id='word_1_234' title='bbox 1312 2907 1315 2911; x_wconf 77' lang='grc'><strong>’</strong></span> 
     </span>
    </p>
   </div>
   <div class='ocr_carea' id='block_1_6' title="bbox 130 3005 1250 3877">
    <p class='ocr_par' dir='ltr' id='par_1_7' title="bbox 130 3005 1250 3877">
     <span class='ocr_line' id='line_1_28' title="bbox 130 3005 1223 3088; baseline -0.003 -21"><span class='ocrx_word' id='word_1_235' title='bbox 130 3019 193 3068; x_wconf 83' lang='lat' dir='ltr'>tum</span> <span class='ocrx_word' id='word_1_236' title='bbox 217 3029 354 3088; x_wconf 89' lang='lat' dir='ltr'>expuere,</span> <span class='ocrx_word' id='word_1_237' title='bbox 377 3012 402 3068; x_wconf 93' lang='lat' dir='ltr'>si</span> <span class='ocrx_word' id='word_1_238' title='bbox 423 3011 532 3069; x_wconf 92' lang='lat' dir='ltr'>nullum</span> <span class='ocrx_word' id='word_1_239' title='bbox 555 3019 668 3068; x_wconf 82' lang='lat' dir='ltr'>maneat</span> <span class='ocrx_word' id='word_1_240' title='bbox 687 3011 716 3068; x_wconf 92' lang='lat' dir='ltr'>in</span> <span class='ocrx_word' id='word_1_241' title='bbox 738 3028 786 3069; x_wconf 90' lang='lat' dir='ltr'>ore</span> <span class='ocrx_word' id='word_1_242' title='bbox 813 3009 1010 3085; x_wconf 86' lang='lat' dir='ltr'>fragmentum.</span> <span class='ocrx_word' id='word_1_243' title='bbox 1044 3005 1158 3070; x_wconf 79' lang='lat' dir='ltr'>¹Tussis</span> <span class='ocrx_word' id='word_1_244' title='bbox 1179 3017 1223 3064; x_wconf 86' lang='lat' dir='ltr'>est</span> 
     </span>
     <span class='ocr_line' id='line_1_29' title="bbox 133 3102 1221 3185; baseline -0.004 -19"><span class='ocrx_word' id='word_1_245' title='bbox 133 3110 216 3167; x_wconf 87' lang='lat' dir='ltr'>ctiam</span> <span class='ocrx_word' id='word_1_246' title='bbox 229 3108 356 3179; x_wconf 87' lang='lat' dir='ltr'>vitanda,</span> <span class='ocrx_word' id='word_1_247' title='bbox 370 3119 502 3167; x_wconf 84' lang='lat' dir='ltr'>caeterum</span> <span class='ocrx_word' id='word_1_248' title='bbox 517 3109 623 3166; x_wconf 90' lang='lat' dir='ltr'>canalis</span> <span class='ocrx_word' id='word_1_249' title='bbox 638 3127 690 3185; x_wconf 90' lang='lat' dir='ltr'>per</span> <span class='ocrx_word' id='word_1_250' title='bbox 705 3128 790 3181; x_wconf 91' lang='lat' dir='ltr'>quem</span> <span class='ocrx_word' id='word_1_251' title='bbox 805 3107 981 3184; x_wconf 85' lang='lat' dir='ltr'>trajiciuntur</span> <span class='ocrx_word' id='word_1_252' title='bbox 997 3106 1119 3183; x_wconf 76' lang='lat' dir='ltr'>species,</span> <span class='ocrx_word' id='word_1_253' title='bbox 1131 3102 1221 3163; x_wconf 88' lang='lat' dir='ltr'>diver·</span> 
     </span>
     <span class='ocr_line' id='line_1_30' title="bbox 132 3205 1220 3285; baseline -0.001 -23"><span class='ocrx_word' id='word_1_254' title='bbox 132 3223 180 3265; x_wconf 84' lang='lat' dir='ltr'>sus</span> <span class='ocrx_word' id='word_1_255' title='bbox 194 3220 237 3267; x_wconf 86' lang='lat' dir='ltr'>est</span> <span class='ocrx_word' id='word_1_256' title='bbox 249 3209 284 3266; x_wconf 91' lang='lat' dir='ltr'>ab</span> <span class='ocrx_word' id='word_1_257' title='bbox 297 3227 333 3267; x_wconf 90' lang='lat' dir='ltr'>eo</span> <span class='ocrx_word' id='word_1_258' title='bbox 347 3228 363 3266; x_wconf 92' lang='lat' dir='ltr'>a</span> <span class='ocrx_word' id='word_1_259' title='bbox 381 3228 439 3282; x_wconf 89' lang='lat' dir='ltr'>quo</span> <span class='ocrx_word' id='word_1_260' title='bbox 459 3206 595 3284; x_wconf 87' lang='lat' dir='ltr'>phlegma</span> <span class='ocrx_word' id='word_1_261' title='bbox 608 3208 730 3285; x_wconf 70' lang='lat' dir='ltr'>ejicitur,</span> <span class='ocrx_word' id='word_1_262' title='bbox 744 3208 865 3279; x_wconf 88' lang='lat' dir='ltr'>ideoque</span> <span class='ocrx_word' id='word_1_263' title='bbox 885 3224 970 3264; x_wconf 89' lang='lat' dir='ltr'>nemo</span> <span class='ocrx_word' id='word_1_264' title='bbox 986 3206 1052 3282; x_wconf 87' lang='lat' dir='ltr'>angi</span> <span class='ocrx_word' id='word_1_265' title='bbox 1071 3205 1158 3263; x_wconf 87' lang='lat' dir='ltr'>debet</span> <span class='ocrx_word' id='word_1_266' title='bbox 1171 3205 1220 3277; x_wconf 90' lang='lat' dir='ltr'>qui</span> 
     </span>
     <span class='ocr_line' id='line_1_31' title="bbox 136 3292 1250 3396; baseline -0.001 -34"><span class='ocrx_word' id='word_1_267' title='bbox 136 3297 341 3396; x_wconf 46' lang='lat' dir='ltr'>nequitJtussim</span> <span class='ocrx_word' id='word_1_268' title='bbox 352 3307 434 3376; x_wconf 81' lang='lat' dir='ltr'>¹sitar,</span> <span class='ocrx_word' id='word_1_269' title='bbox 445 3305 619 3366; x_wconf 86' lang='lat' dir='ltr'>edummodo</span> <span class='ocrx_word' id='word_1_270' title='bbox 632 3306 723 3383; x_wconf 87' lang='lat' dir='ltr'>possit</span> <span class='ocrx_word' id='word_1_271' title='bbox 733 3307 861 3384; x_wconf 89' lang='lat' dir='ltr'>trajicere</span> <span class='ocrx_word' id='word_1_272' title='bbox 873 3305 994 3383; x_wconf 86' lang='lat' dir='ltr'>species.</span> <span class='ocrx_word' id='word_1_273' title='bbox 1037 3292 1221 3367; x_wconf 88' lang='lat' dir='ltr'>Manducarc‚</span> <span class='ocrx_word' id='word_1_274' title='bbox 1246 3354 1250 3361; x_wconf 87' lang='lat'>.</span> 
     </span>
     <span class='ocr_line' id='line_1_32' title="bbox 138 3399 1222 3483; baseline -0.004 -24"><span class='ocrx_word' id='word_1_275' title='bbox 138 3405 180 3461; x_wconf 83' lang='lat' dir='ltr'>¹vel</span> <span class='ocrx_word' id='word_1_276' title='bbox 191 3406 285 3464; x_wconf 91' lang='lat' dir='ltr'>bibere</span> <span class='ocrx_word' id='word_1_277' title='bbox 298 3407 393 3464; x_wconf 86' lang='lat' dir='ltr'>statim</span> <span class='ocrx_word' id='word_1_278' title='bbox 407 3416 472 3483; x_wconf 89' lang='lat' dir='ltr'>post</span> <span class='ocrx_word' id='word_1_279' title='bbox 485 3405 726 3474; x_wconf 89' lang='lat' dir='ltr'>communionem,</span> <span class='ocrx_word' id='word_1_280' title='bbox 738 3424 796 3464; x_wconf 92' lang='lat' dir='ltr'>non</span> <span class='ocrx_word' id='word_1_281' title='bbox 808 3414 930 3481; x_wconf 80' lang='lat' dir='ltr'>oportet,</span> <span class='ocrx_word' id='word_1_282' title='bbox 940 3411 1059 3479; x_wconf 80' lang='lat' dir='ltr'>excepta</span> <span class='ocrx_word' id='word_1_283' title='bbox 1069 3399 1222 3483; x_wconf 76' lang='lat' dir='ltr'>ablutione,</span> 
     </span>
     <span class='ocr_line' id='line_1_33' title="bbox 143 3496 1222 3583; baseline -0.006 -24"><span class='ocrx_word' id='word_1_284' title='bbox 143 3519 218 3572; x_wconf 88' lang='lat' dir='ltr'>quam</span> <span class='ocrx_word' id='word_1_285' title='bbox 240 3505 396 3581; x_wconf 78' lang='lat' dir='ltr'>praescribit</span> <span class='ocrx_word' id='word_1_286' title='bbox 415 3501 541 3564; x_wconf 84' lang='lat' dir='ltr'>Robrica</span> <span class='ocrx_word' id='word_1_287' title='bbox 564 3499 678 3580; x_wconf 88' lang='lat' dir='ltr'>propter</span> <span class='ocrx_word' id='word_1_288' title='bbox 706 3504 891 3562; x_wconf 84' lang='lat' dir='ltr'>reverentiam</span> <span class='ocrx_word' id='word_1_289' title='bbox 922 3501 998 3557; x_wconf 89' lang='lat' dir='ltr'>enim</span> <span class='ocrx_word' id='word_1_290' title='bbox 1025 3496 1222 3583; x_wconf 10' lang='lat' dir='ltr'>“debetpesse</span> 
     </span>
     <span class='ocr_line' id='line_1_34' title="bbox 145 3588 1223 3680; baseline -0.006 -25"><span class='ocrx_word' id='word_1_291' title='bbox 145 3600 229 3674; x_wconf 86' lang='lat' dir='ltr'>aliqua</span> <span class='ocrx_word' id='word_1_292' title='bbox 242 3621 321 3674; x_wconf 82' lang='lat' dir='ltr'>mora</span> <span class='ocrx_word' id='word_1_293' title='bbox 335 3605 409 3662; x_wconf 87' lang='lat' dir='ltr'>inter</span> <span class='ocrx_word' id='word_1_294' title='bbox 421 3603 613 3680; x_wconf 88' lang='lat' dir='ltr'>sumptionem</span> <span class='ocrx_word' id='word_1_295' title='bbox 626 3601 712 3680; x_wconf 87' lang='lat' dir='ltr'>hujus</span> <span class='ocrx_word' id='word_1_296' title='bbox 725 3600 903 3666; x_wconf 90' lang='lat' dir='ltr'>sacramenti,</span> <span class='ocrx_word' id='word_1_297' title='bbox 913 3608 941 3655; x_wconf 90' lang='lat' dir='ltr'>et</span> <span class='ocrx_word' id='word_1_298' title='bbox 950 3595 1074 3668; x_wconf 88' lang='lat' dir='ltr'>reliquos</span> <span class='ocrx_word' id='word_1_299' title='bbox 1088 3592 1167 3651; x_wconf 91' lang='lat' dir='ltr'>cibos</span> <span class='ocrx_word' id='word_1_300' title='bbox 1176 3588 1223 3661; x_wconf 81' lang='lat'>;”⁴</span> 
     </span>
     <span class='ocr_line' id='line_1_35' title="bbox 144 3691 1219 3780; baseline -0.004 -26"><span class='ocrx_word' id='word_1_301' title='bbox 144 3696 186 3754; x_wconf 84' lang='lat' dir='ltr'>sed</span> <span class='ocrx_word' id='word_1_302' title='bbox 202 3700 383 3760; x_wconf 87' lang='lat' dir='ltr'>medicorum</span> <span class='ocrx_word' id='word_1_303' title='bbox 398 3702 520 3780; x_wconf 88' lang='lat' dir='ltr'>judicio,</span> <span class='ocrx_word' id='word_1_304' title='bbox 533 3702 644 3777; x_wconf 89' lang='lat' dir='ltr'>species</span> <span class='ocrx_word' id='word_1_305' title='bbox 658 3702 756 3760; x_wconf 87' lang='lat' dir='ltr'>hostiae</span> <span class='ocrx_word' id='word_1_306' title='bbox 778 3717 872 3776; x_wconf 78' lang='lat' dir='ltr'>parvae</span> <span class='ocrx_word' id='word_1_307' title='bbox 897 3697 992 3754; x_wconf 89' lang='lat' dir='ltr'>statim</span> <span class='ocrx_word' id='word_1_308' title='bbox 1018 3691 1162 3759; x_wconf 89' lang='lat' dir='ltr'>desinunt,</span> <span class='ocrx_word' id='word_1_309' title='bbox 1190 3703 1219 3750; x_wconf 88' lang='lat' dir='ltr'>et</span> 
     </span>
     <span class='ocr_line' id='line_1_36' title="bbox 150 3791 1223 3877; baseline -0.002 -26"><span class='ocrx_word' id='word_1_310' title='bbox 150 3798 253 3871; x_wconf 82' lang='lat' dir='ltr'>majoris</span> <span class='ocrx_word' id='word_1_311' title='bbox 279 3800 379 3858; x_wconf 76' lang='lat' dir='ltr'>hostin</span> <span class='ocrx_word' id='word_1_312' title='bbox 405 3801 511 3859; x_wconf 88' lang='lat' dir='ltr'>etvini</span> <span class='ocrx_word' id='word_1_313' title='bbox 534 3800 646 3877; x_wconf 83' lang='lat' dir='ltr'>species</span> <span class='ocrx_word' id='word_1_314' title='bbox 669 3799 784 3858; x_wconf 86' lang='lat' dir='ltr'>nonnisi</span> <span class='ocrx_word' id='word_1_315' title='bbox 811 3816 862 3874; x_wconf 89' lang='lat' dir='ltr'>per</span> <span class='ocrx_word' id='word_1_316' title='bbox 884 3792 1032 3853; x_wconf 88' lang='lat' dir='ltr'>dimidium</span> <span class='ocrx_word' id='word_1_317' title='bbox 1060 3791 1223 3864; x_wconf 87' lang='lat' dir='ltr'>quadrantis</span> 
     </span>
    </p>
   </div>
   <div class='ocr_carea' id='block_1_7' title="bbox 243 3963 1118 4122">
    <p class='ocr_par' dir='ltr' id='par_1_8' title="bbox 243 3963 1118 4122">
     <span class='ocr_line' id='line_1_37' title="bbox 243 3963 1042 4037; baseline -0.005 -19"><span class='ocrx_word' id='word_1_318' title='bbox 243 3974 283 4037; x_wconf 93' lang='lat' dir='ltr'>(l)</span> <span class='ocrx_word' id='word_1_319' title='bbox 303 3971 330 4020; x_wconf 87' lang='lat' dir='ltr'>S.</span> <span class='ocrx_word' id='word_1_320' title='bbox 341 3973 416 4037; x_wconf 86' lang='lat' dir='ltr'>Alph.</span> <span class='ocrx_word' id='word_1_321' title='bbox 427 3974 443 4022; x_wconf 91' lang='lat' dir='ltr'>l.</span> <span class='ocrx_word' id='word_1_322' title='bbox 455 3973 486 4022; x_wconf 85' lang='lat' dir='ltr'>vi.</span> <span class='ocrx_word' id='word_1_323' title='bbox 497 3987 523 4024; x_wconf 90' lang='lat' dir='ltr'>n.</span> <span class='ocrx_word' id='word_1_324' title='bbox 534 3975 592 4022; x_wconf 79' lang='lat'>281.</span> <span class='ocrx_word' id='word_1_325' title='bbox 881 3969 923 4032; x_wconf 78' lang='lat'>(3)</span> <span class='ocrx_word' id='word_1_326' title='bbox 942 3963 1042 4015; x_wconf 88' lang='lat' dir='ltr'>Ibidem.</span> 
     </span>
     <span class='ocr_line' id='line_1_38' title="bbox 243 4049 1118 4122; baseline -0.009 -14"><span class='ocrx_word' id='word_1_327' title='bbox 243 4057 284 4122; x_wconf 82' lang='lat'>(³)</span> <span class='ocrx_word' id='word_1_328' title='bbox 301 4056 335 4106; x_wconf 84' lang='lat' dir='ltr'>iii</span> <span class='ocrx_word' id='word_1_329' title='bbox 347 4071 371 4121; x_wconf 88' lang='lat' dir='ltr'>p.</span> <span class='ocrx_word' id='word_1_330' title='bbox 383 4072 425 4120; x_wconf 91' lang='lat' dir='ltr'>qu.</span> <span class='ocrx_word' id='word_1_331' title='bbox 437 4057 506 4108; x_wconf 85' lang='lat' dir='ltr'>lm.</span> <span class='ocrx_word' id='word_1_332' title='bbox 517 4064 561 4106; x_wconf 87' lang='lat' dir='ltr'>art.</span> <span class='ocrx_word' id='word_1_333' title='bbox 572 4056 660 4106; x_wconf 89' lang='lat' dir='ltr'>viii.ad</span> <span class='ocrx_word' id='word_1_334' title='bbox 672 4057 695 4103; x_wconf 83' lang='lat'>5.</span> <span class='ocrx_word' id='word_1_335' title='bbox 884 4053 926 4118; x_wconf 78' lang='lat'>(4)</span> <span class='ocrx_word' id='word_1_336' title='bbox 945 4049 1044 4110; x_wconf 86' lang='lat' dir='ltr'>Ibidem,</span> <span class='ocrx_word' id='word_1_337' title='bbox 1053 4050 1084 4100; x_wconf 83' lang='lat' dir='ltr'>ad</span> <span class='ocrx_word' id='word_1_338' title='bbox 1094 4053 1118 4100; x_wconf 90' lang='grc'>6.</span> 
     </span>
    </p>
   </div>
   <div class='ocr_carea' id='block_1_8' title="bbox 0 0 1330 4860">
    <p class='ocr_par' dir='ltr' id='par_1_9' title="bbox 0 0 1330 4860">
     <span class='ocr_line' id='line_1_39' title="bbox 0 0 1330 4860; baseline 0 0"><span class='ocrx_word' id='word_1_339' title='bbox 0 0 1330 4860; x_wconf 95' lang='lat' dir='ltr'> </span> 
     </span>
    </p>
   </div>
  </div>
 </body>
</html>
