2640 4860
420 121 478 183 DE
500 121 724 184 saoslsloll
745 122 931 185 NATURA.
1181 132 1221 189 99

116 290 284 349 essentiam
310 298 469 366 reponunt:
491 289 542 349 sed
563 290 738 350 Bellarmino
763 302 791 350 et
810 292 843 351 S.
866 291 1030 371 Alphonso,
1056 312 1121 353 cum
1147 293 1220 363 aliis,

118 387 238 461 placuit
256 389 491 449 communionem
512 389 668 450 sacerdotis
689 390 724 448 ad
744 391 876 450 sacrificii
893 392 1047 452 essentiam
1059 393 1222 463 referrent

120 483 285 547 destructio
306 489 344 548 sit
362 489 495 559 victims,
516 491 667 567 speciebus
687 490 872 568 consumptis.
915 490 1108 553 Consentiunt
1120 511 1221 553 omnes

121 599 201 645 eam
220 586 255 645 ad
275 588 409 647 sacrificii
430 589 618 667 integritatem
637 591 797 666 pertinere:
820 594 1084 670 quapropterjubet
1095 593 1221 653 Robrica

123 679 278 745 Missalis:
303 689 367 747 “Si
387 689 520 748 sacerdos
543 690 665 767 graviter
684 689 851 759 infirmetur,
870 699 918 748 aut
929 693 1066 750 moriatur
1077 702 1144 769 post
1155 710 1222 752 con·

124 786 322 845 secretionem
347 789 475 865 corporis
495 798 613 858 tantum,
639 797 704 847 ante
724 789 969 849 consecrationem
996 793 1155 869 sanguinis,
1175 792 1222 851 vel

127 894 253 958 utroque
266 897 443 956 consecrato,
458 889 553 947 Missa
574 907 627 966 per
647 888 735 947 alium
758 889 936 948 sacerdotem
950 891 1097 968 expleatur
1119 892 1153 950 ab
1171 891 1222 950 illo

130 977 202 1042 loco
213 985 259 1043 ubi
272 985 391 1044 desiit.”

181 1087 223 1141 73.
241 1085 267 1141 A
279 1086 350 1144 solis
363 1084 558 1144 sacerdotibus
573 1084 683 1144 christi
696 1088 811 1146 nomine
822 1089 917 1147 Missa
930 1088 1026 1147 offerri
1039 1097 1149 1165 potest3
1170 1089 1222 1148 sed

136 1194 156 1232 a
169 1181 293 1241 fidelibus
305 1186 441 1249 omnibus
456 1185 668 1258 quodammodo
688 1185 816 1257 offertur,
839 1207 906 1246 nam
927 1205 1027 1247 eorum
1040 1190 1118 1247 vices
1132 1206 1224 1247 sacer-

141 1275 193 1338 dos
205 1284 285 1358 gerit.
329 1283 507 1350 Quibusdam
535 1285 695 1362 specialiter
715 1287 881 1362 applicatur,
902 1287 937 1346 iis
960 1289 1117 1365 presertim
1131 1287 1224 1361 quiid

144 1379 255 1440 subsidii
275 1382 330 1441 sibi
351 1393 489 1456 quarunt.
531 1384 686 1443 Adstantes
707 1384 792 1443 etiarn
819 1386 980 1463 specialiter
999 1407 1063 1446 eam
1089 1387 1222 1456 offerunt,

146 1480 267 1549 precibus
281 1493 310 1540 et
324 1492 419 1542 mente
433 1502 499 1542 eum
512 1483 658 1542 sacerdote
672 1484 827 1560 conjuncti.

180 1583 224 1638 74.
247 1589 267 1617 “
278 1581 398 1641 Certum
413 1592 457 1641 est
469 1601 554 1660 posse
567 1582 665 1641 offerri
680 1582 735 1640 hoc
744 1583 916 1641 sacrificium
930 1603 982 1660 pro
992 1587 1124 1643 omnibus
1135 1585 1225 1644 fideli·

149 1673 191 1735 bus
203 1680 354 1758 baptizatis
368 1683 452 1751 vivis,
476 1683 561 1740 etiam
581 1682 746 1748 infantibus,
766 1681 812 1738 vel
834 1683 1045 1759 energumenis,
1067 1682 1113 1740 vel
1126 1702 1224 1758 pecca-

67 1850 72 1859 ·
149 1778 242 1838 loribus
257 1799 315 1839 non
330 1781 595 1850 excommunicatis,
616 1781 708 1854 quoad
731 1780 854 1839 fructum
878 1792 985 1840 tantum
1005 1782 1223 1859 impetrationis.

66 1950 71 1961 t
148 1873 196 1936 Pro
217 1882 467 1940 excommunicato
487 1880 602 1939 vitando
628 1892 722 1940 tamen
741 1880 819 1939 licite
845 1881 977 1939 sacerdos
1003 1890 1096 1958 potest
1120 1881 1224 1941 offerre

61 2050 66 2061 ι
146 1974 259 2037 Missam
273 1980 416 2055 privatim,
431 1960 629 2054 quasnui'est
641 1999 713 2056 opus
724 1980 870 2068 proprium
885 1999 943 2038 suae
957 1982 1072 2058 privatae
1083 1999 1223 2057 persone,

145 2092 194 2136 uon
214 2088 310 2136 autem
331 2081 447 2139 nomine
468 2079 620 2146 Bedesis,
641 2080 687 2137 vel
707 2090 738 2137 ut
757 2081 887 2139 minister
900 2078 1022 2148 Christi,
1043 2100 1080 2139 ex
1093 2101 1119 2140 c.
1134 2082 1174 2140 ΙΙ.
1189 2081 1225 2140 dc

144 2183 212 2236 scot.
226 2167 430 2237 Eccomm.’'¹
471 2179 530 2238 Pro
546 2180 795 2237 excommunicato
808 2180 926 2238 tolerato
939 2181 1115 2258 probabilius
1128 2189 1226 2239 censet

142 2275 169 2333 S.
189 2277 357 2354 Alphonsus
380 2279 467 2337 licere
481 2297 561 2337 orare
583 2288 610 2337 et
630 2279 742 2346 offerre,
764 2279 830 2351 quia
849 2277 968 2337 indulsit
980 2279 1132 2337 concilium
1147 2278 1226 2338 Con·

141 2377 292 2435 stantiense
312 2386 343 2435 ut
355 2397 420 2460 cum
433 2379 468 2437 iis
482 2379 703 2445 communicare,
724 2378 810 2435 etiam
831 2377 860 2435 in
883 2375 998 2444 divinis,
1018 2378 1125 2435 liceret.
1168 2377 1226 2436 Pro

77 2494 80 2513 ³
140 2475 299 2535 infidelibus
320 2478 391 2554 ipsis
414 2477 511 2536 offerri
529 2496 613 2555 posse
635 2477 806 2536 sacrificium
827 2484 914 2554 putat,
936 2486 1001 2551 post
1021 2475 1226 2535 Bellarminum

39 2638 50 2649 ,
139 2584 164 2632 et
188 2575 351 2654 Lugonem,
379 2578 445 2650 quia
470 2578 512 2636 sic
533 2576 652 2635 Christo
677 2596 730 2654 pro
750 2576 883 2634 omnibus
910 2574 1001 2634 oranti
1020 2573 1153 2633 sacerdos
1179 2576 1227 2634 ad·

10 2651 20 2677 ³
139 2675 286 2734 similatur.

175 2780 226 2834 75.
250 2775 308 2833 Pro
326 2774 451 2834 defuncti
463 2794 477 2833 s
491 2777 542 2834 rite
565 2775 693 2843 offertur,
710 2776 794 2852 juxta
815 2772 1019 2850 Apostolorum
1039 2770 1226 2842 traditionem,

139 2873 231 2947 iisque
258 2873 481 2951 certb'prodest,
496 2894 631 2952 magnum
653 2874 760 2950 quippe
787 2884 830 2930 est
843 2874 999 2931 animarum
1018 2873 1163 2949 juvamen,
1187 2875 1228 2932 uti

139 2973 398 3032 animadverterunt
417 2974 485 3033 olim
502 2975 533 3032 S.
550 2973 680 3050 cyrillus
700 2984 728 3031 et
741 2973 773 3030 S.
789 2972 1036 3050 chrysostomus:
1058 2972 1107 3030 sed
1123 2991 1228 3046 quous·

139 3090 192 3144 que
206 3073 335 3150 singulas
351 3073 443 3150 juvet,
468 3075 541 3132 inter
554 3092 656 3131 arcana
669 3072 766 3131 divina
786 3082 838 3131 est.
881 3073 953 3140 Quae
967 3072 1069 3130 dicitur
1082 3073 1176 3132 Missa
1190 3073 1225 3132 de

142 3173 259 3241 sanctis,
273 3181 368 3248 potest
380 3174 410 3231 in
419 3172 615 3232 defunctorum
626 3172 774 3230 utilitatem
784 3172 890 3241 offerri,
902 3174 963 3249 pari
975 3173 1033 3231 lere
1042 3191 1108 3232 cum
1118 3175 1210 3242 fructu
1221 3193 1228 3230 :

141 3280 307 3349 “exparte
333 3273 466 3331 sacrificii
492 3273 578 3332 oblati
600 3273 694 3330 Missa
720 3273 865 3345 aequaliter
885 3271 1001 3349 prodest
1026 3272 1170 3341 defuncto,
1193 3273 1229 3331 de

139 3389 321 3443 quocumque
341 3371 467 3440 dicatur;
488 3382 515 3430 et
534 3371 591 3429 hoc
610 3381 653 3429 est
674 3374 849 3450 precipuum
869 3370 946 3445 quod
959 3372 991 3429 fit
1004 3372 1032 3429 in
1047 3372 1156 3430 Missa:
1177 3370 1230 3429 sed

139 3487 175 3528 ex
189 3478 269 3546 parte
284 3472 444 3530 orationum
458 3473 551 3548 magis
563 3471 681 3548 prodest
692 3472 750 3538 illa,
771 3471 801 3529 in
822 3489 879 3543 qua
891 3478 958 3527 sunt
970 3470 1110 3528 orationes
1125 3468 1228 3527 adhoc

139 3567 343 3629 determinate.
393 3569 453 3629 Sed
479 3579 574 3629 tamen
599 3570 647 3629 hic
673 3569 798 3628 delectus
823 3565 1035 3644 recompensari
1060 3574 1155 3642 potest
1179 3584 1231 3642 per

139 3670 281 3746 maJ'orem
294 3668 487 3739 devotionem,
507 3669 554 3728 vel
566 3670 629 3746 ejus
643 3671 693 3743 qui
707 3671 776 3729 dicit
789 3669 922 3736 Missam,
937 3667 983 3724 vel
1003 3664 1066 3740 ejus
1086 3665 1135 3736 qui
1150 3664 1232 3741 jubet

140 3766 209 3836 dici,
222 3769 272 3826 vel
284 3769 386 3828 iterum
399 3789 450 3847 per
462 3770 697 3831 intercessionem
717 3769 807 3829 sancti
821 3769 902 3846 cujus
917 3763 1083 3840 suffragium
1096 3765 1126 3824 in
1140 3764 1232 3823 Missa

140 3861 360 3945 imploratur.”²

177 4093 222 4159 (1)
242 4089 274 4140 u.
286 4090 317 4142 vu
329 4105 355 4142 n.
367 4093 425 4143 ane.
664 4092 707 4158 (a)
726 4088 796 4155 rap.
810 4086 898 4154 suppl.
910 4087 1078 4153 quasue
1090 4086 1201 4138 meas.

819 4334 840 4399 ’ξ
848 4344 917 4421 extro
925 4356 951 4393 ζμ,
967 4350 979 4367 ”“
1022 4366 1032 4381 -.
1049 4374 1057 4396 Ι.
1070 4370 1087 4396 ..¹

800 4390 1097 4467 sesne

908 4446 911 4465 t
960 4442 968 4451 ‘
1049 4450 1066 4469 ι»
