2640 4860
312 113 369 174 DE
391 112 557 174 SIGlLLO
578 108 898 176 CONFESSIONIS.
1092 121 1147 182 1⁷1

59 279 165 340 idcirco
175 299 242 340 enm
255 281 321 340 loco
328 289 459 350 movere,
474 282 519 340 vel
533 283 659 341 severius
673 291 799 341 tracmre.
821 284 967 357 Equidem
980 287 1036 345 sibi
1049 286 1151 362 objicit

61 381 93 439 S.
118 380 268 440 Thomas:
292 390 387 440 “cum
409 382 511 454 aliquis
527 382 623 439 Abbas
646 382 700 440 scit
718 401 770 458 per
788 382 1012 453 confessionem,
1026 385 1149 461 alicujus

62 479 170 538 Prioris
183 481 303 557 subjecti
316 481 370 538 sibi
384 491 540 557 peccatum,
554 499 593 539 ex
606 481 688 557 cujus
703 483 853 540 occasione
874 482 982 541 inducit
999 484 1094 560 ipsum
1115 483 1152 542 ad

60 579 181 646 ruinam,
196 578 221 635 si
240 580 268 636 ei
288 580 440 655 prioratum
461 579 598 636 dimittat:
613 579 687 638 unde
701 590 811 639 tenetur
824 584 851 639 ei
873 581 982 640 auferre
999 583 1149 660 pastoralis

59 695 132 734 curae
146 675 314 753 dignitatem
326 697 334 735 ε
350 677 503 736 auferendo
518 688 610 736 autern
621 677 732 737 videtur
744 681 954 739 confessionem
966 682 1108 758 publicare
1117 680 1147 739 :'’

59 777 105 834 cui
118 776 277 852 objectioni
291 776 459 852 respondet:
483 777 608 835 “Abbas
630 779 659 834 in
680 797 747 836 casu
763 770 996 854 praedicto'debet
1017 798 1082 838 eum
1103 780 1150 839 ad·

12 849 20 868 ⁶
60 893 176 933 monere
186 885 218 933 ut
232 877 386 952 prioratum
399 877 542 952 resignet:
565 876 610 934 vel
623 877 649 932 si
662 877 794 946 noluerit,
812 887 907 956 potest
928 897 965 936 ex
986 880 1080 952 aliqua
1092 879 1148 936 alia

58 975 210 1031 occasione
232 975 379 1032 absolvere
399 994 465 1032 eum
488 995 504 1032 a
524 994 591 1032 cura
611 977 761 1050 prioratus,
776 978 814 1034 ita
839 987 933 1036 tamen
959 977 1035 1049 quod
1054 978 1149 1036 omnis

58 1073 186 1149 suspicio
207 1075 310 1131 vitetur
329 1073 364 1130 de
384 1074 576 1132 confessionis
596 1070 817 1134 revelatione.’'1
855 1077 913 1134 Sed
927 1095 965 1134 ex
978 1075 1147 1154 pontificum

59 1170 191 1239 decretis,
206 1171 345 1245 quidquid
359 1191 513 1249 gravamen
527 1173 608 1230 affert
620 1175 778 1248 penitenti,
790 1176 856 1233 licet
868 1177 940 1233 absit
959 1178 1053 1236 omnis
1068 1193 1146 1234 reve·

57 1252 169 1329 lationis
192 1273 330 1348 suspicio,
353 1272 484 1330 illicitum
507 1273 636 1329 habetur.
678 1273 757 1331 Hinc
783 1276 808 1331 si
831 1274 964 1333 sacerdos
985 1276 1014 1335 in
1037 1276 1148 1352 episco-

59 1388 127 1446 pum
142 1379 317 1445 proponatur
330 1371 489 1448 eligendus,
504 1390 589 1443 quem
603 1390 639 1428 ex
653 1373 835 1430 confessione
849 1375 912 1446 quis
932 1377 1013 1434 novit
1031 1376 1151 1432 omnino

59 1486 121 1526 esse
143 1468 307 1547 indignum,
323 1470 423 1544 nequit
436 1470 503 1543 quid
527 1470 618 1527 facere
638 1489 695 1542 quo
718 1472 818 1529 electio
839 1473 888 1530 illa
908 1473 1088 1550 impediatur,
1104 1473 1149 1531 vel

60 1567 203 1644 denegare
212 1569 239 1626 ei
252 1569 432 1646 suffragium,
447 1570 550 1641 quovis
564 1569 684 1640 quaesito
697 1571 802 1628 colore.

95 1671 147 1725 86.
169 1667 275 1725 Procul
295 1669 373 1727 omni
395 1669 523 1744 periculo
544 1669 639 1726 arcani
653 1669 802 1744 prodendi,
833 1680 861 1727 et
881 1672 961 1729 omni
985 1671 1149 1747 poenitentis

57 1767 235 1844 gravamine,
248 1768 316 1825 licet
334 1768 375 1825 uti
389 1768 489 1826 notitia
509 1784 546 1823 ex
568 1767 750 1826 confessione
770 1769 905 1836 derivata,
932 1780 1073 1843 quatenus
1086 1770 1150 1827 sine

59 1865 125 1924 odio
139 1867 311 1924 sacramenti
323 1866 385 1924 fieri
398 1867 498 1942 possit.
527 1866 576 1923 Sic
589 1867 779 1925 confessarius
793 1887 830 1925 ex
844 1869 1025 1933 confessione
1038 1868 1150 1927 discens

58 1982 142 2038 quam
166 1964 252 2024 facile
273 1964 442 2024 offensionis
461 1974 490 2023 et
508 1966 596 2022 ruinae
617 1965 697 2025 detur
716 1969 830 2027 occasio
849 1987 886 2026 ex
908 1969 1033 2027 liberiori
1047 1967 1151 2045 agendi

57 2065 178 2133 ratione,
192 2064 292 2123 nreritd
306 2062 464 2131 sibicavet,
479 2082 515 2121 ne
530 2064 635 2136 aliquid
650 2066 810 2126 inconsultis
826 2069 958 2143 proferat.
1001 2069 1034 2126 Si
1048 2086 1150 2144 pravas

58 2163 240 2239 suscipiones
266 2165 346 2222 nasci
372 2156 409 2221 ex
436 2163 660 2233 frequentatione
692 2164 840 2242 cujusdam
873 2168 976 2226 domus
1002 2168 1149 2244 repererit,

57 2263 171 2340 poterit,
186 2265 348 2339 opportuna
362 2273 444 2320 enata
461 2263 621 2330 occasione,
637 2266 776 2322 abstinere
790 2283 822 2321 se
835 2267 869 2323 ab
883 2285 917 2323 ea
930 2264 1076 2324 adeunda:
1098 2263 1151 2322 sed

57 2365 82 2421 si
95 2362 203 2420 mulier
215 2362 382 2435 confiteatur
403 2362 458 2419 sibi
478 2380 516 2418 ex
536 2362 599 2439 ejus
620 2363 770 2434 colloquiis
784 2364 851 2420 oriri
865 2363 983 2439 peccati,
1005 2363 1051 2420 vel
1064 2371 1152 2420 tenta

60 2462 146 2520 tionis
160 2461 353 2529 occasionem,
364 2462 412 2519 vix
426 2461 539 2537 poterit,
551 2461 657 2533 absque
671 2463 733 2539 ejus
746 2462 870 2530 licentia,
885 2479 950 2520 eam
962 2462 993 2519 in
1005 2470 1151 2538 posterum

59 2562 155 2620 minus
170 2560 347 2618 familiariter
358 2560 474 2618 habere.
515 2559 550 2616 In
563 2561 747 2619 concionibus
758 2562 861 2636 poterit
873 2562 902 2619 in
916 2559 992 2628 vitia,
1006 2561 1090 2617 etiarn
1104 2577 1152 2618 oc·

60 2661 192 2728 cultiora,
207 2678 246 2717 ex
260 2645 441 2719 confessione
464 2659 586 2734 cognita,
610 2659 717 2728 invehi,
739 2670 767 2716 et
786 2679 820 2716 ea
833 2679 896 2733 quae
909 2677 947 2716 ex
965 2659 1152 2735 plurimorum

58 2759 290 2818 accusationibus
317 2760 508 2824 innotuerunt,
542 2775 655 2833 expone
686 2758 865 2835 refugienda,
896 2757 1054 2817 dummodo
1079 2757 1153 2816 nihil

59 2857 134 2916 dicat
147 2857 226 2932 quod
240 2860 325 2917 alicui
339 2857 418 2934 affigi
438 2856 538 2934 possit,
565 2874 618 2913 nec
638 2857 823 2932 frequentiam
849 2859 927 2916 illam
947 2857 1065 2934 peccati,
1089 2875 1152 2929 qma

58 2958 215 3034 plerosque
242 2957 320 3025 latet,
347 2958 454 3016 indicet
485 2974 551 3013 cum
577 2959 790 3016 communitatis
816 2958 929 3035 injuria.
984 2958 1152 3028 Numquam

58 3066 155 3115 tamen
169 3057 324 3116 dicendum
345 3067 388 3114 est
408 3055 514 3129 aliquid
536 3056 592 3113 sibi
611 3075 648 3114 ex
669 3057 849 3116 confessione
863 3067 1002 3116 constare.
1044 3057 1078 3114 Si
1091 3073 1154 3133 par·

59 3173 124 3214 vam
137 3157 372 3214 communitatem
388 3156 555 3228 alloquatur,
571 3174 607 3212 v:
630 3175 665 3233 g:
681 3156 828 3215 seminarii
840 3158 982 3225 alumnos,
1003 3158 1049 3215 vel
1062 3156 1153 3215 moni·

57 3253 128 3324 ales,
155 3253 193 3312 de
220 3253 377 3313 defectibus
410 3256 460 3328 qui
493 3254 661 3330 plerumque
681 3266 832 3314 occurrunt
854 3259 888 3341 jn
914 3257 1087 3321 seminariis,
1107 3254 1154 3312 vel

60 3355 246 3413 monasteriis
261 3355 365 3431 poterit
376 3352 550 3419 concionari,
564 3372 649 3428 parce
662 3364 757 3413 tamen
776 3366 805 3413 et
827 3366 919 3424 caute,
937 3374 973 3412 ne
987 3354 1055 3427 quid
1069 3352 1153 3410 alicui

59 3455 235 3530 exprobrare
256 3449 410 3511 videatur.²
449 3453 482 3510 δί
502 3451 620 3510 insidias
646 3455 701 3511 sibi
726 3455 797 3511 strui
823 3473 860 3512 ex
886 3453 1067 3512 confessione
1087 3450 1151 3522 quis

59 3552 201 3616 didicerit,
216 3553 319 3628 poterit
338 3551 393 3609 sibi
419 3551 577 3618 consulere,
598 3561 758 3628 opportuna
777 3551 841 3608 data
865 3551 1026 3616 occasione,
1042 3546 1153 3606 nonita

60 3661 157 3710 tamen
177 3660 210 3708 ut
230 3652 423 3727 suspicionem
443 3649 537 3707 arcani
557 3651 612 3707 sibi
637 3650 740 3727 proditi
760 3650 846 3708 alicui
872 3649 989 3726 injiciat.
1031 3645 1151 3712 Quoties
1237 3663 1238 3666 ’

60 3749 165 3823 aliquis
179 3768 217 3807 ex
231 3751 318 3808 sociis
331 3749 488 3807 accessisse
500 3750 629 3807 noscitur
648 3748 684 3806 ad
703 3747 889 3815 sacerdotem,
911 3765 1017 3804 novum
1037 3744 1153 3805 consili·

60 3867 109 3906 um
122 3849 158 3907 ab
172 3867 208 3907 eo
222 3849 381 3926 profectum
394 3856 534 3917 censetur,
557 3849 605 3922 qui
628 3848 736 3907 idcirco
750 3847 894 3905 sociorum
907 3844 1039 3904 vindicte
1052 3843 1151 3921 objici·

304 4007 347 4072 (l)
366 4005 394 4056 S.
404 4005 494 4054 Thom.
506 4005 592 4070 Suppl.
603 4005 637 4054 iii.
647 4021 672 4069 p.
680 4021 721 4069 qu.
729 4004 763 4054 xi
774 4009 817 4053 art.
828 4004 844 4052 i.
856 4003 887 4054 ed
898 4005 922 4056 ³.

308 4091 351 4158 (2)
371 4089 435 4141 Vide
447 4090 474 4139 S.
485 4091 561 4155 Alph.
573 4092 590 4142 l.
601 4092 634 4142 vi.
645 4107 671 4141 n·
684 4091 741 4140 654.
