2640 4860
474 389 531 449 DE
553 389 847 451 SPONSALIBUS.
1147 399 1205 454 291

109 573 150 613 ex
163 573 252 613 causa
262 551 285 613 :¹
300 557 441 629 quamvis,
455 558 479 615 si
493 566 616 633 ponatur
629 559 767 617 terminus
781 556 979 617 adficiendam
994 559 1205 639 obligationem,

113 673 151 713 eo
168 653 278 731 elapso,
293 655 414 713 desinat.

153 757 205 811 2³.
226 753 403 813 Fornicatio
414 772 529 832 sponsae
538 764 583 812 est
595 773 680 813 causa
692 755 976 833 legitima-sponsalia
986 756 1126 827 solvendi,
1140 759 1208 818 licet

115 852 225 911 fuerint
232 853 397 930 juramento
409 854 528 923 firmata,
545 854 634 927 “quia
643 855 672 912 in
686 855 735 914 illo
744 856 905 933 juramento
917 856 979 913 talis
993 853 1210 918 debetconditio

113 953 304 1031 subintelligi,
331 954 357 1012 si
380 953 512 1012 videlicet
534 954 581 1011 illa
606 963 706 1012 contra
733 953 860 1031 regulam
892 954 1123 1030 desponsationis
1149 977 1209 1017 non

115 1049 278 1110 venerit.”²
312 1052 380 1129 Ipsa
401 1053 551 1111 fornicatio
578 1054 722 1132 injustitie
748 1054 875 1130 speciem
896 1053 1011 1112 induere
1037 1057 1208 1116 nonnemini

114 1152 179 1209 visa
201 1161 263 1209 estc
285 1152 337 1210 sed
349 1151 378 1210 id
392 1172 448 1210 non
462 1140 616 1229 probatur,
630 1173 696 1211 nam
717 1154 765 1230 jus
789 1153 889 1228 sponsi
910 1171 968 1211 non
988 1162 1033 1210 est
1051 1155 1208 1230 perfectum

112 1258 180 1308 ante
207 1252 332 1328 nuptias.
366 1252 536 1310 Praecedens
560 1251 708 1310 fornicatio
734 1272 797 1326 quae
815 1253 875 1329 jam
902 1252 1062 1310 innotuerat
1087 1273 1206 1332 sponso,

114 1350 217 1422 nequit
229 1369 292 1409 esse
305 1352 376 1409 ratio
390 1370 442 1409 cnr
457 1352 603 1409 solvantur
615 1347 786 1428 sponsalia,³
799 1352 854 1408 nisi
867 1351 963 1409 forsan
978 1351 1113 1430 deinceps
1133 1354 1209 1411 fama

114 1447 261 1525 divulgata
273 1450 376 1508 fuerit:
390 1469 474 1509 secus
493 1451 519 1507 si
533 1461 598 1527 post
612 1469 645 1507 ea
658 1451 727 1508 inita
741 1451 893 1509 innotuerit
904 1446 928 1508 :⁴
941 1470 998 1509 non
1019 1453 1096 1509 enim
1110 1471 1208 1512 cense-

115 1557 162 1605 tur
175 1549 318 1624 spondere
341 1550 397 1607 nisi
411 1551 473 1627 ejus
496 1551 597 1607 virtute
612 1552 722 1627 integra
735 1550 872 1608 confisus.
906 1550 989 1609 Licet
1001 1551 1085 1609 etiam
1100 1570 1208 1628 sponso

113 1647 236 1715 resilire,
251 1649 276 1706 si
289 1667 397 1725 sponsa
410 1649 447 1705 ita
460 1667 492 1705 se
506 1659 585 1725 gerat
600 1663 631 1707 ut
644 1648 756 1708 dubiam
771 1650 855 1707 faciat
867 1649 952 1707 fidem
967 1648 1002 1707 de
1017 1651 1080 1727 ejus
1094 1652 1208 1721 virtute,

115 1765 148 1804 se
172 1747 207 1804 ab
233 1747 296 1806 aliis
316 1747 462 1823 impudice
484 1749 559 1825 tangi
581 1749 689 1816 sinens,
712 1749 758 1806 rel
778 1747 850 1805 alibs
870 1751 965 1807 minus
985 1760 1066 1807 cante
1087 1751 1208 1827 agendo.

117 1845 222 1904 Utrum
243 1858 336 1906 autem
351 1848 435 1906 liceat
448 1867 561 1925 sponsae
575 1849 684 1905 resilire
699 1849 735 1905 ob
748 1848 847 1923 sponsi
861 1848 1077 1906 fornicationem
1092 1849 1209 1922 inquiri·

115 1954 170 2004 tur.
207 1944 406 2006 Communitcr
419 1946 518 2006 dicunt
531 1967 588 2005 non
602 1946 687 2005 licere
698 1948 734 2004 ob
745 1922 959 2006 fornicationem
974 1967 1037 2020 quae
1052 1950 1208 2024 praecessit,

115 2046 173 2104 nisi
188 2045 298 2121 prolem
313 2066 349 2105 ex
363 2046 419 2104 alia
433 2046 571 2114 habuerit,
586 2046 631 2104 vel
653 2047 708 2103 nisi
723 2055 854 2103 noscatur
865 2046 932 2103 huic
946 2047 1014 2105 vitio
1034 2045 1156 2116 deditus,
1171 2049 1210 2106 ite

116 2153 148 2202 ut
166 2163 234 2204 cum
256 2145 382 2222 pluribus
409 2146 598 2204 consueverit.
633 2145 765 2211 Quodsi
791 2154 857 2221 post
875 2146 1021 2220 sponsalia
1044 2146 1208 2216 fornicetur,

116 2243 249 2321 plerique
269 2243 367 2303 dicunt
379 2263 437 2302 non
450 2246 535 2304 licere
549 2245 667 2312 resilire,
683 2264 770 2317 quum
785 2245 885 2320 sponsi
904 2246 1054 2304 fornicatio
1074 2264 1111 2304 ex
1132 2265 1209 2305 com·

115 2345 197 2402 muni
210 2342 359 2403 hominum
374 2345 553 2402 estimatione
566 2363 624 2401 non
647 2345 748 2402 inferat
761 2343 884 2402 dedecus
896 2363 1021 2420 sponsae.
1065 2344 1209 2404 Ceterum

116 2443 142 2500 si
156 2461 222 2500 cum
244 2443 439 2501 meretricibus
460 2452 586 2500 versatus
608 2445 738 2501 morbum
753 2442 818 2501 inde
839 2445 1019 2510 contraxerit,
1034 2445 1088 2502 erit
1108 2446 1208 2518 utique

116 2561 206 2601 causa
224 2541 379 2600 resiliendi.
421 2542 455 2598 Si
474 2554 593 2614 uterque
616 2543 779 2608 fornicetur,
793 2559 902 2616 sponso
923 2543 990 2599 licet
1009 2543 1129 2610 resilire,
1150 2560 1209 2601 non

116 2642 186 2700 item
208 2658 332 2716 sponse,
346 2641 415 2713 quia
432 2642 541 2717 turpior
555 2648 598 2697 est
616 2641 703 2717 hujus
725 2656 810 2712 quam
832 2640 909 2696 illius
929 2639 1089 2705 fornicatio,
1103 2648 1132 2697 et
1150 2658 1210 2698 non

116 2740 200 2800 datur
219 2739 326 2798 ideirco
340 2740 450 2817 injuriae
470 2740 676 2816 compensatio.
719 2738 751 2795 Si
771 2737 926 2813 comperiat
941 2757 1048 2814 sponsa
1068 2757 1210 2815 sponsum

115 2858 183 2898 esse
197 2839 226 2896 in
248 2839 330 2897 aliam
350 2839 518 2916 proclivem,
533 2847 638 2897 etcum
653 2858 687 2896 ea
700 2855 899 2904 consuescere,
920 2839 974 2895 erit
993 2855 1079 2894 causa
1098 2838 1205 2896 rescin-

117 2938 206 2998 dendi
215 2939 377 3015 sponsalia;
393 2957 446 2995 nec
459 2940 536 2997 enim
550 2937 635 2995 fidem
650 2938 705 2995 sibi
718 2935 885 2994 servandam
900 2945 994 3012 potest
1006 2955 1129 3011 sperare.

157 3043 208 3097 24.
230 3035 385 3118 Profectio
394 3035 572 3096 alterutrius
582 3036 770 3114 inreligiose
783 3034 947 3114 approbata
957 3035 1041 3092 solvit
1054 3034 1210 3110 sponsalia,

118 3156 185 3200 nam
200 3155 288 3211 quum
307 3136 391 3195 liceat
404 3137 514 3214 ingredi
534 3137 701 3214 religionem
723 3138 807 3194 etiam
828 3143 894 3212 post
912 3135 1122 3193 matrimonium
1143 3153 1210 3193 eon·

119 3245 250 3305 tractum,
266 3255 324 3294 non
337 3247 577 3304 consummatum,
591 3237 772 3312 sponsalibus
786 3235 951 3312 intelligitur
964 3232 1089 3295 conditio
1104 3235 1209 3303 inesse,

117 3335 181 3394 nisi
194 3334 355 3414 ingrersus
367 3334 461 3417 sucro
476 3335 665 3412 religionem.
707 3336 790 3393 Licet
802 3336 908 3393 idcirco
919 3335 1103 3411 perfectionis
1116 3334 1209 3394 studio

117 3435 195 3493 hunc
209 3435 342 3512 amplecti
363 3444 485 3493 statum:
500 3435 552 3492 sed
566 3436 616 3507 qui
637 3436 793 3511 ingreditur
812 3436 992 3512 religionem,
1008 3455 1065 3494 non
1077 3421 1211 3494 liberatur

119 3535 312 3610 promissione
326 3534 461 3602 nubendi,
476 3536 532 3593 nisi
547 3536 621 3592 votis
635 3535 770 3602 emissis3
792 3535 915 3608 ideoque
928 3538 954 3594 si
968 3537 1069 3595 iterum
1085 3534 1210 3612 egredia-

120 3643 173 3703 tur,
188 3634 330 3693 tenebitur
343 3635 378 3693 ad
391 3635 536 3711 sponsalia
547 3634 704 3710 implenda,
719 3637 744 3693 si
758 3634 828 3692 alter
842 3637 879 3691 ita
893 3636 970 3692 velit.
998 3635 1067 3710 Ipso
1080 3634 1211 3708 ingressu

120 3731 235 3791 alterius
248 3734 278 3792 in
292 3733 470 3812 religionem,
485 3735 535 3805 qui
555 3743 652 3792 manet
664 3735 693 3790 in
707 3732 811 3790 saecnlo
825 3734 896 3790 liber
915 3741 967 3799 est,
982 3751 1036 3789 nec
1051 3731 1086 3788 ad
1106 3748 1211 3807 expec-

117 3832 237 3891 tandum
250 3831 341 3890 donec
355 3834 527 3912 tyrocinium
540 3834 598 3902 fiat,
609 3842 728 3901 tenetur,
743 3832 813 3890 alter
822 3832 898 3888 enirn
908 3849 960 3887 sno
966 3831 1025 3906 juri
1032 3830 1209 3887 renuntiasse

120 3930 285 3991 censendus
299 3941 351 3991 est.

158 4035 210 4090 25.
236 4029 363 4092 Ordinis
385 4031 467 4091 sacri
485 4031 672 4111 susceptione
689 4029 836 4089 solvuntur
851 4025 1011 4104 sponsalia,
1025 4023 1132 4100 quippe
1146 4043 1209 4099 quc

191 4248 235 4312 (l)
254 4244 284 4295 L.
296 4246 354 4296 xvii.
366 4247 397 4296 D.
406 4245 436 4300 de
448 4262 531 4315 sporta
731 4247 774 4312 (2)
793 4245 853 4309 Cap.
864 4260 922 4296 xxv.
934 4242 963 4296 de
966 4241 1147 4311 jurejurando.

192 4331 235 4398 (a)
255 4329 355 4381 tritam.
739 4332 782 4398 (t)
801 4328 865 4381 nv.
877 4322 1116 4397 cdcsponrattu.
