2640 4860
110 402 170 459 8⁰2
379 390 437 449 DE
459 387 635 449 NATURA
656 386 936 449 Marulrsortn.

110 570 248 640 potestate
263 558 307 615 usi
321 557 412 615 inisse
422 554 563 621 dicuntur,
574 552 689 626 quando
707 554 774 612 boni
785 554 894 631 publici
909 555 1069 632 plurimum
1080 556 1195 613 intererat

109 672 140 719 ut
159 658 255 735 prolcs
277 666 456 714 nasceretur:
479 654 649 711 “Summus
671 652 840 722 Pontifex,”
855 654 950 726 inquit
972 654 1007 711 S.
1029 654 1193 731 Alphonsus

109 771 129 794 ⁸·
140 770 273 829 tanquam
287 754 399 813 Christi
415 754 556 819 Vicsrius,
569 753 616 811 cni
629 753 757 829 regimen
778 752 921 811 Ecclesiae
942 762 987 810 est
1007 755 1193 817 commissum,

109 858 183 915 bene
197 866 293 931 potest
313 874 380 913 cum
396 855 474 931 justa
492 869 580 911 cansa
598 851 763 928 dispensare
784 852 813 909 in
834 851 980 925 aliquibus
1003 871 1069 926 qnae
1089 862 1153 911 sunt
1169 849 1195 907 dc

105 958 171 1031 jure
185 955 296 1019 divino,
310 966 339 1011 et
352 954 494 1011 humanos
507 960 586 1009 actus
596 943 822 1009 concemuut.”¹

409 1185 435 1260 ς.
453 1184 491 1241 V.
534 1181 582 1241 Ds
603 1201 695 1241 ounro
715 1200 905 1242 couruacru.

153 1380 201 1433 50.
231 1376 304 1431 Ante
325 1371 478 1431 adhibitam
500 1371 675 1450 diligentiam
696 1381 728 1430 nt
747 1372 851 1430 veritas
871 1371 1033 1450 detegatur,
1049 1374 1196 1431 nullatenus

112 1477 180 1533 licet
192 1472 330 1531 dubitanti
343 1472 379 1529 dc
403 1471 611 1550 impedimento
624 1471 774 1530 dirimente
794 1471 1011 1531 matrimonium
1032 1471 1196 1540 contrahere,

113 1584 219 1633 umere
233 1574 309 1630 cuim
323 1590 354 1629 se
368 1572 505 1648 objiceret
517 1571 645 1648 periculo
659 1579 821 1629 contractus
835 1571 926 1629 irriti:
948 1571 1000 1630 sed
1015 1590 1047 1629 re
1060 1571 1198 1648 diligenter

113 1674 280 1747 investigata
293 1670 437 1749 plerisque
448 1670 559 1730 videtur
571 1672 781 1729 matrimonium
795 1669 861 1727 iniri
874 1689 973 1748 posse,
985 1672 1010 1729 si
1026 1672 1125 1748 opinio
1134 1671 1196 1747 juris

113 1770 257 1847 ejusmodi
277 1771 315 1829 sit
334 1790 421 1844 quam
442 1771 566 1848 theologi
586 1768 671 1847 vulgo
691 1770 797 1828 habent
816 1769 903 1828 veluti
923 1771 1116 1848 probabilem,
1131 1768 1196 1843 quod

113 1870 224 1928 scilicet
249 1869 485 1947 impedimentum
511 1889 569 1928 non
589 1869 697 1929 subsit:
726 1867 869 1941 “quando
895 1870 973 1928 enim
1001 1869 1083 1928 adest
1108 1870 1195 1947 opinio

114 1968 268 2047 probabilis
278 1969 315 2027 de
324 1970 401 2047 Jure,
415 1969 491 2042 quod
504 1988 562 2028 non
575 1969 667 2027 subsit
679 1966 927 2045 impedimentum,
940 1978 1008 2027 tunc
1022 1968 1156 2028 Ecclesia
1167 1986 1196 2026 er

116 2069 315 2141 antiquissima
327 2067 532 2126 consuetudine
543 2070 724 2144 presumitur
733 2076 908 2125 contractum
919 2068 1097 2128 matrimonii
1111 2086 1198 2146 appio

114 2168 190 2234 bare,
218 2179 246 2223 et
271 2184 356 2224 omne
382 2184 529 2225 removere
562 2166 810 2243 impedimentum,
836 2177 867 2223 ut
893 2169 1088 2226 communiter
1112 2168 1197 2226 dicunt

115 2265 220 2340 prefati
231 2275 359 2321 auctores
370 2282 435 2321 cum
446 2264 520 2333 aliis,
530 2274 558 2321 et
571 2265 633 2322 susc
641 2267 741 2341 probat
754 2263 901 2323 Cardenas
915 2266 1048 2342 pluribus
1056 2267 1197 2326 decisioni·

114 2365 166 2421 bus
188 2364 268 2421 Rotae
289 2362 437 2428 Romane,
452 2382 485 2421 ac
504 2363 673 2436 quibusdam
694 2364 928 2423 declarationibus
951 2365 1063 2426 Urbani
1086 2361 1197 2425 V111.”²

114 2461 164 2521 sed
179 2463 207 2520 in
223 2461 308 2519 dubio
322 2481 373 2520 seu
395 2462 527 2538 positivo,
542 2480 591 2520 sen
613 2465 754 2541 negativo,
770 2463 805 2521 de
828 2474 922 2522 morte·
939 2466 1047 2542 prioris
1066 2467 1197 2544 conjugis,

114 2563 258 2621 nonlicet
283 2562 318 2620 ad
339 2561 480 2619 secundas
502 2563 619 2620 transire
638 2564 772 2638 nuptias3
794 2572 823 2620 ct
848 2564 872 2620 si
898 2575 1011 2623 constet
1031 2564 1067 2623 de
1089 2565 1199 2642 impedi·

116 2678 221 2727 mento,
243 2679 270 2719 ei
297 2661 432 2721 dubitatio
455 2663 493 2719 sit
517 2660 552 2718 de
573 2661 797 2739 dispensatione,
820 2663 1059 2739 impedimentum
1082 2676 1126 2722 est
1149 2684 1199 2722 ser·

115 2762 256 2820 vandum:
291 2763 315 2818 si
338 2772 448 2818 constet
474 2762 509 2818 de
535 2761 758 2837 dispensatione,
785 2771 813 2818 et
835 2761 938 2820 dubius
964 2764 1001 2820 sit
1026 2766 1091 2841 eJ'us
1117 2766 1197 2830 valor,

116 2861 247 2919 habenda
270 2873 312 2917 est
337 2860 438 2928 valida,
462 2863 529 2934 quia
550 2862 728 2938 praesumitur
747 2880 798 2937 pro
819 2870 897 2918 actus
919 2863 1026 2930 valore,
1043 2865 1071 2920 in
1096 2865 1131 2921 iis
1145 2881 1199 2937 qua

110 2962 184 3039 juris
209 2961 393 3019 ecclesiastici
420 2970 495 3027 sunt,
524 2970 551 3017 et
577 2961 605 3018 in
633 2960 736 3032 quibus
763 2960 882 3036 proinde
909 2961 1044 3020 Ecclesia
1071 2964 1196 3040 supplere

114 3076 265 3128 censetur;
287 3060 401 3118 nonita
423 3062 451 3117 iu
473 3061 507 3117 iis
529 3069 677 3132 quaesunt
695 3059 769 3135 juris
792 3058 891 3128 divini,
907 3062 951 3118 vel
974 3061 1121 3131 naturalis,
1143 3081 1198 3136 qua

115 3169 284 3236 potestatem
300 3161 439 3217 Ecclesia
461 3158 611 3217 excedunt.

155 3262 203 3313 51.
225 3258 348 3324 Quando
375 3258 518 3332 probabile
544 3267 588 3315 est
614 3255 851 3334 impedimentum
874 3257 908 3315 de
927 3260 994 3336 jure
1020 3262 1152 3328 naturali,
1177 3272 1198 3316 ct

115 3355 267 3430 probabilis
281 3373 297 3411 e
311 3368 408 3412 contra
429 3357 527 3430 opinio
542 3356 610 3413 illud
626 3376 683 3414 non
700 3357 865 3423 subsistere,
881 3359 1050 3433 plerumque
1071 3380 1129 3419 non
1143 3361 1200 3418 licet

113 3452 277 3510 contrahere
299 3454 519 3519 matrimonium,
535 3455 601 3525 quia
615 3456 692 3513 valor
705 3457 872 3514 sacramenti
887 3458 1103 3531 periclitaretur,
1119 3477 1198 3533 quum

112 3552 245 3611 Ecclesia
256 3570 311 3609 non
325 3551 669 3628 possitimpedimentum,
681 3554 704 3611 si
714 3555 813 3621 subsit,
824 3557 932 3614 tollere.
967 3557 1055 3616 Sicci
1067 3559 1200 3617 dubitetur

113 3662 204 3711 utrum
227 3650 368 3724 quoddam
390 3651 600 3709 matrimonium
623 3671 721 3710 verum
743 3654 836 3722 suerit,
858 3655 1050 3732 probabilibus
1075 3659 1198 3730 utrinque

112 3753 301 3832 pugnantibus
326 3752 491 3818 rationibus,
519 3772 577 3810 non
604 3752 672 3810 licet
698 3772 787 3810 novas
808 3755 920 3831 nuptias
943 3755 1024 3813 inire.
1069 3756 1102 3815 Id
1122 3757 1197 3815 facile

113 3853 252 3930 contingit
265 3854 339 3930 apud
356 3855 510 3927 mancipia,
526 3871 588 3925 qua
603 3837 729 3929 pluribus
744 3853 816 3910 inter
828 3872 860 3910 se
880 3855 1034 3913 connubiis
1053 3855 1199 3929 aliquando

111 3954 370 4030 conjunguntur,eo
378 3963 469 4010 tamen
479 3962 561 4029 pacto
572 3961 667 4010 utnon
678 3961 786 4009 constet
797 3952 913 4025 aliquod
923 3957 1197 4014 verumconnuhium

112 4050 194 4108 abiis
209 4051 320 4108 initum.
364 4052 441 4110 Dicit
454 4052 486 4109 S.
503 4049 670 4126 Alphonsus
690 4050 746 4109 soli
764 4051 897 4110 Pontifici
911 4052 998 4110 licere
1011 4054 1061 4131 jus
1076 4053 1196 4112 divinum

110 4145 164 4203 hac
186 4149 212 4204 in
234 4168 263 4204 re
283 4152 427 4225 explicare
452 4152 480 4208 in
501 4151 676 4226 specialibus
697 4152 825 4223 rarisque
844 4169 938 4209 rerum
959 4152 1113 4230 adjunctis,
1128 4148 1195 4226 quod

232 4342 275 4407 (r)
296 4344 581 4408 ananienses.
816 4349 858 4414 (a)
878 4347 1086 4408 iuuencum.
