2640 4860
411 374 468 434 DE
489 372 615 435 Mlsss
634 373 915 435 APPLIOANDA.
1156 382 1212 439 123

92 543 266 604 decretum
288 540 397 601 Urbani
417 549 512 618 potest
532 542 675 611 sacerdos,
689 542 736 600 cui
755 541 857 601 Missae
870 541 1045 602 celebrande
1065 544 1211 605 traduntur

92 662 172 719 per
188 645 274 702 alium
289 642 460 709 satisfacere,
475 640 578 699 collato
592 641 633 699 illi
646 642 756 700 minore
776 642 929 718 stipendio,
943 643 1000 702 alia
1012 653 1092 720 parte
1104 646 1211 722 stipen-

100 741 155 802 dii
175 743 231 801 sibi
245 733 402 800 retenta.'’l
430 740 514 806 Quod
527 741 554 797 si
566 751 687 809 constet,
702 740 809 799 donum
822 742 876 800 sibi
893 743 1019 802 voluisse
1032 743 1123 802 facere
1144 764 1211 804 eum

108 844 171 915 qui
185 844 402 917 eleemosynam
415 838 502 909 dedit,
517 850 546 898 et
566 849 674 899 tantum
695 850 792 918 petere
813 840 955 914 quendam
969 861 1121 902 numerum
1140 845 1212 903 Mis·

112 959 227 1010 sarum,
241 939 352 998 videtur
369 941 457 999 licere
477 940 586 998 Missas
606 940 654 999 alii
677 940 786 999 tradere
800 940 995 1010 celebrandas,
1016 943 1073 1000 nisi
1093 941 1213 1003 donator

117 1042 240 1100 omnino
253 1040 375 1099 voluerit
394 1057 442 1098 eas
455 1040 491 1098 ab
510 1040 575 1116 ipso
595 1039 747 1098 celebrari:
769 1059 827 1115 quo
847 1059 914 1100 casu
934 1042 988 1100 erit
1007 1041 1125 1101 mortale
1144 1045 1208 1122 ejus

120 1140 298 1200 uoluntatem
312 1134 488 1216 negligere?

165 1243 231 1299 144.
254 1241 326 1298 Non
350 1240 419 1298 licet
437 1238 654 1315 eleemosynam
674 1239 803 1316 accipere
823 1239 861 1298 ob
883 1240 1008 1299 Missam
1032 1258 1117 1312 quam
1146 1243 1210 1314 quis

127 1339 224 1398 obtulit
235 1358 287 1416 pro
301 1357 336 1398 eo
350 1340 399 1412 qui
416 1339 549 1415 proxime
569 1337 786 1414 eleemosynam
807 1338 944 1399 offerret:
965 1358 1032 1398 nam
1051 1339 1080 1398 id
1094 1339 1211 1399 vetitum

131 1439 241 1497 estas.
256 1438 500 1516 Congregatione,
520 1439 684 1496 auctoritate
698 1438 783 1497 Pauli
799 1439 851 1501 ,Vt
874 1439 926 1498 sed
949 1439 998 1512 qui
1010 1439 1120 1498 Missas
1140 1440 1214 1498 cele·

131 1537 215 1597 braret
233 1557 284 1614 pro
305 1537 430 1611 quodam
449 1536 645 1606 determInate,
660 1556 783 1597 noscens
804 1538 978 1615 stipendium
998 1537 1135 1616 deinceps
1157 1541 1212 1599 sibi

134 1636 312 1706 offerendum,
327 1638 512 1705 satisfaceret,
527 1646 556 1696 et
574 1637 645 1695 illud
658 1638 779 1696 retinere
799 1648 907 1714 posset.
948 1639 1091 1715 Injustum
1105 1639 1177 1698 soret
1198 1659 1214 1696 a

135 1735 250 1811 pluribus
277 1738 464 1814 eleemosyna
477 1746 602 1813 accepta,
622 1737 739 1796 unicum
759 1755 811 1814 pro
832 1738 962 1796 omnibus
984 1738 1087 1798 offerre
1108 1739 1213 1797 sacrifi·

140 1834 213 1906 ciurn,
226 1857 260 1896 eo
275 1845 412 1915 praetextu
426 1836 505 1910 quod
525 1837 630 1896 infiniti
643 1837 680 1894 sit
699 1837 812 1904 valoris3
827 1855 893 1894 narn
906 1855 944 1895 ex
963 1836 1104 1896 Ecclesiae
1118 1850 1213 1897 mente

141 1941 210 1994 etex
227 1935 355 1996 dantium
376 1936 544 2004 intentione,
560 1945 635 1995 totus
655 1936 761 1995 fructus
781 1935 914 2012 specialis
939 1936 1072 1994 sacrificii
1093 1937 1212 2013 singulis

142 2036 243 2094 seorsim
257 2047 302 2096 est
311 2034 497 2112 applicandus
510 2045 706 2112 aquapropter
719 2035 850 2094 damnata
860 2044 904 2093 est
912 2036 1088 2112 propositio:
1112 2045 1132 2071 “
1142 2036 1212 2095 Non

143 2142 278 2194 estcontra
296 2136 435 2214 justitiam
456 2155 508 2212 pro
528 2137 657 2213 pluribus
677 2136 824 2194 sacrificiis
844 2134 1018 2212 stipendium
1031 2136 1171 2212 accipere,
1186 2149 1215 2198 et

142 2234 293 2294 sacrificium
314 2253 402 2292 unum
422 2234 535 2304 offerre,
556 2253 649 2308 neque
671 2237 756 2294 etiarn
782 2245 880 2294 contra
905 2235 1080 2304 fidelitatem,
1102 2237 1213 2297 etiarnsi

143 2336 298 2404 promittam,
314 2334 505 2412 promissione
519 2337 602 2394 etiarn
614 2335 776 2411 juramento
790 2336 910 2403 firmata,
928 2335 1004 2395 danti
1028 2335 1213 2412 stipendium,
1245 2362 1249 2369 ·

141 2433 202 2500 quod
213 2453 264 2512 pro
278 2434 358 2493 nullo
372 2434 427 2492 alio
441 2429 608 2493 offeram.”³
629 2434 770 2492 Damnata
783 2445 827 2492 est
839 2435 923 2494 etiam
937 2435 1023 2493 altera
1035 2437 1210 2511 propositio:

141 2530 340 2613 “Duplioatum
360 2532 534 2610 stipendium
554 2543 650 2611 potest
670 2534 802 2592 sacerdos
822 2551 876 2610 pro
895 2532 994 2591 eadem
1017 2533 1112 2592 Missa
1134 2534 1211 2593 licite

140 2635 261 2712 accipere,
277 2632 449 2711 applicando
469 2635 578 2710 petenti
603 2643 711 2710 partem
731 2635 816 2691 etiarn
836 2632 1074 2710 specialissimam
1100 2632 1115 2690 f
1119 2641 1215 2692 ructus

140 2725 236 2803 ipsimet
256 2733 409 2792 celebranti
430 2733 721 2810 correspondentem:
742 2732 828 2805 idque
849 2739 915 2809 post
936 2730 1080 2788 decretum
1104 2730 1213 2790 Urbani

140 2823 246 2892 VIII.”⁴
266 2834 299 2890 S.
315 2832 519 2909 congregatio,
534 2835 618 2891 etiam
640 2834 774 2908 probante
797 2831 914 2890 Urbano
935 2830 1019 2888 VIII.
1041 2828 1211 2888 declaravitr

141 2929 333 3000 “Sacerdotes,
348 2933 450 3005 quibus
464 2933 563 2991 diebus
577 2940 706 2990 tenentur
716 2932 823 2989 Missas
838 2930 991 2997 celebrare,
1005 2929 1115 2987 ratione
1128 2930 1213 2988 bene·

141 3025 195 3100 licii,
208 3051 259 3091 seu
279 3032 406 3108 capella,
420 3031 517 3108 legati,
532 3042 579 3090 aut
600 3012 705 3099 salarii,
719 3031 745 3088 si
759 3031 960 3106 eleemosynas
973 3048 1024 3106 pro
1045 3029 1108 3086 aliis
1129 3031 1214 3088 etiam

139 3122 222 3190 Missis
249 3130 438 3200 celebrandis,
452 3133 639 3208 susceperint,
661 3149 719 3189 non
745 3149 832 3208 posse
858 3128 958 3188 eadem
984 3129 1077 3189 Missa
1102 3130 1213 3202 utrique

139 3227 287 3307 obligationi
301 3227 514 3289 satisfacere.’'⁵
569 3219 571 3223 ¹

169 3333 229 3389 145.
252 3332 411 3390 Missarum
429 3330 624 3398 mercimonia,
646 3348 702 3404 qua
723 3331 787 3401 quis
801 3328 999 3406 eleemosynas
1013 3328 1150 3407 colligens
1165 3330 1213 3388 ubi

139 3429 244 3505 majores
266 3430 377 3499 dantur,
401 3431 510 3488 Missas
534 3430 600 3489 alibi
623 3430 725 3488 minori
746 3428 889 3505 stipendio
909 3429 1045 3488 celebrari
1058 3440 1146 3499 curat,
1161 3431 1214 3488 sub

138 3531 426 3590 excommunicationis
465 3549 552 3606 poena
585 3529 676 3596 laicis,
727 3529 924 3605 suspensionis
956 3548 1026 3589 vero
1066 3542 1215 3589 reservatae

141 3618 268 3697 Pontifici,
283 3630 394 3689 clericis
408 3643 437 3687 et
448 3628 644 3687 sacerdotibus
658 3623 794 3687 vetatur.⁶

171 3731 231 3788 146.
253 3729 468 3807 Eleemosynas
489 3729 525 3786 ab
544 3727 685 3786 hereticis
705 3747 763 3787 non
777 3728 846 3787 licet
858 3729 988 3805 accipere
1003 3744 1037 3783 ea
1050 3726 1213 3784 conditione

140 3829 163 3878 lt
172 3825 288 3889 Missam
302 3848 355 3906 pro
377 3829 413 3887 iis
433 3828 599 3896 offeramus,
621 3846 709 3900 quum
733 3828 806 3886 foret
825 3825 955 3900 quaedam
976 3825 1006 3882 in
1027 3824 1115 3894 sacris
1137 3841 1214 3882 com·

169 4038 204 4107 (l)
221 4042 266 4092 IX.
275 4042 472 4093 innrdamnatas
482 4043 512 4093 ab
523 4041 664 4093 Alexandro
678 4039 732 4089 VII.
773 4040 826 4108 ,(2)
845 4035 909 4086 Vide
921 4034 948 4083 S.
959 4032 1034 4097 Alph.
1045 4033 1062 4083 l.
1074 4033 1105 4084 vi.
1116 4050 1142 4085 n.
1154 4037 1212 4084 321.

169 4123 204 4190 (3)
221 4126 254 4175 Χ.
265 4127 328 4177 inter
339 4127 465 4178 damnatae
476 4128 506 4178 ab
517 4125 659 4176 Alexandro
671 4123 728 4173 VII.
786 4123 828 4188 (4)
849 4118 918 4169 VIII.
930 4143 998 4155 -
1010 4116 1106 4168 ibidem.

167 4208 202 4276 (5)
218 4211 248 4262 In
259 4212 368 4263 Bullerio
380 4219 439 4263 torn.
450 4212 483 4263 iv.
494 4228 518 4277 p.
531 4214 573 4261 91.

171 4292 206 4361 (6)
222 4295 315 4349 Bened.
324 4297 395 4348 xlv.
408 4297 495 4348 Const.
507 4296 568 4348 xxii.
584 4295 687 4357 Quanto
696 4307 765 4352 utro,
777 4296 835 4341 tom·
844 4289 862 4342 i.
873 4286 976 4339 Bullarii
984 4302 1008 4352 p.
1020 4291 1061 4338 55.
