2640 4860
114 384 171 440 us
494 374 552 434 DE
573 371 821 436 PROPOSITO.

149 548 199 602 ³1.
220 540 384 601 Periculum
397 542 561 618 proximum
575 539 714 618 peccandi
726 538 872 603 vitandum
891 551 946 611 est,
959 543 1029 602 licet
1047 546 1108 618 quis
1125 540 1186 600 hac*

110 654 191 702 tenus
205 642 235 700 in
248 659 283 701 eo
291 660 351 701 non
362 641 461 717 lapsus
474 640 567 709 luerit,
580 640 625 698 vel
640 641 751 700 etiamsi
764 641 866 711 semel,
880 642 926 701 vel
938 642 995 713 bis,
1008 643 1039 701 in
1048 661 1082 702 eo
1094 641 1182 701 extite‘

112 743 148 800 rit
172 741 279 799 victor:
301 741 423 798 sienim
448 757 500 816 per
524 757 556 798 se
578 738 746 815 plerumque
767 738 869 799 inserat
891 741 1016 810 ruinam,
1030 759 1111 801 nemo
1133 726 1187 798 n'ui

111 851 217 899 temere
231 841 261 898 in
280 837 309 897 id
329 857 361 897 se
381 839 493 916 ingerit.
534 837 612 896 Hinc
637 838 810 915 puellaque
830 859 848 897 a
872 837 992 899 domino
1017 841 1183 900 vehementer

110 948 215 998 munta
234 939 344 1007 restitit,
371 935 455 996 debet
474 946 652 1012 quantocyus
678 938 741 1014 ejus
768 937 900 997 deserere
920 936 1051 1009 domum,
1074 957 1109 998 ne
1124 938 1177 997 lorte

110 1055 192 1097 novae
206 1037 353 1096 tentationi
366 1035 462 1095 cedat:
484 1037 540 1095 nisi
553 1036 616 1112 ipsa
635 1036 736 1095 virtute
748 1037 862 1096 robusta
874 1054 941 1096 eum
955 1038 994 1096 ita
1009 1038 1147 1115 repulerit,
1156 1044 1181 1094 ut

112 1155 282 1214 persuasum
295 1136 398 1196 habeat
416 1153 483 1194 eum
498 1136 528 1195 in
544 1144 690 1212 posterum
710 1136 752 1196 nil
772 1135 939 1213 hujusmodi
959 1155 1106 1196 ausurum.
1138 1135 1185 1204 Qui

114 1237 311 1295 vehementem
330 1232 478 1293 libidinem
505 1236 536 1294 in
555 1251 587 1291 se
612 1233 731 1294 accendi
759 1234 914 1313 experitur,
938 1236 1051 1310 quoties
1079 1235 1187 1314 diculus

114 1334 214 1393 fruitur
231 1343 397 1411 conspectu,
423 1331 506 1391 debet
531 1334 594 1410 ejus
625 1335 801 1394 consortium
826 1334 924 1404 vitare,
952 1335 1084 1408 quamvis
1108 1335 1190 1394 hante

111 1451 166 1493 nus
185 1432 297 1492 libidini
321 1430 397 1490 haud
418 1433 543 1491 cesserit.
584 1431 779 1510 inprobabili
804 1434 903 1511 lapsus
923 1431 1092 1493 discrimine
1117 1434 1191 1492 saluti

112 1550 171 1592 sua
184 1528 387 1591 consulendum
401 1541 463 1589 est:
478 1530 555 1605 quod
565 1531 591 1588 si
603 1541 703 1609 urgeat
715 1532 834 1592 aliorum
844 1533 1001 1592 necessitas
1015 1541 1154 1603 extrema,
1161 1533 1192 1592 iis

113 1630 350 1698 subveniendum,
364 1631 450 1691 etiam
463 1650 528 1690 cum
548 1631 592 1689 sui
613 1630 757 1708 periculo;
778 1650 844 1691 nam
866 1632 987 1691 charitas
1009 1631 1040 1690 id
1059 1633 1157 1710 exigit,
1169 1639 1194 1691 et

111 1731 265 1788 necessitas
278 1728 344 1787 facit
357 1730 513 1807 periculum
527 1739 679 1790 remotum.
712 1730 746 1789 Si
758 1731 855 1808 lapsus
866 1733 905 1790 sit
916 1732 1106 1809 probabilior,
1117 1731 1194 1793 ssluti

111 1829 232 1904 proprias
255 1829 462 1889 consulendum
489 1840 533 1888 est
553 1831 639 1907 juxta
658 1830 867 1890 Tournelium:
894 1829 947 1889 sed
972 1831 1006 1889 S.
1034 1830 1195 1909 alphonsus

113 1938 213 1986 censet
223 1945 260 1987 ex
273 1930 440 1988 necessitate
453 1929 610 2006 periculum
623 1931 710 1988 etiam
723 1947 758 1989 eo
768 1947 835 1988 essu
842 1929 905 1989 tisri
911 1937 1068 2000 remotum,
1079 1929 1196 2004 ideoque

114 2025 238 2085 adhibita
250 2027 351 2104 majori
359 2027 474 2094 cautela,
487 2039 516 2084 et
528 2029 662 2104 precibus
676 2027 711 2086 ad
724 2027 820 2087 Deum
833 2027 915 2098 susis,
929 2030 1018 2089 licere
1032 2048 1066 2089 se
1080 2030 1196 2088 aliorum

115 2143 200 2184 causa
212 2134 290 2183 tanto
302 2125 425 2202 objicere
447 2118 631 2184 discrimini.¹
665 2127 738 2186 Haec
756 2128 787 2186 in
808 2128 940 2204 parochis
963 2137 993 2187 et
1012 2128 1197 2189 missionariis

114 2223 256 2299 praecipue
269 2222 365 2282 locum
379 2223 491 2281 habent.

541 2398 584 2465 (1)
602 2394 675 2449 mvi.
687 2400 782 2450 nasa.
