2640 4860
113 387 170 443 las
296 377 353 438 DE
374 370 704 437 JURlSDlCTIONE
726 370 1015 432 CONFESSARII.

542 864 684 925 CAPUT
704 862 774 923 Vll.

402 1085 441 1124 DE
460 1082 687 1123 Jonlsnlc‘rtonu
707 1075 910 1120 cortrassann·

451 1244 476 1317 §.
492 1244 516 1302 1.
558 1242 606 1300 Du
626 1258 865 1300 arrnoaarronu.

153 1406 220 1461 l2l.
241 1400 391 1460 Absolutio
404 1410 448 1457 est
467 1400 621 1458 sacerdotis
635 1399 783 1467 sententia,
800 1396 909 1455 Christi
920 1395 1186 1465 nomine,remitten·

114 1501 149 1557 tis
158 1510 274 1578 peccata
287 1501 444 1578 poenitenti.
466 1499 563 1558 Solius
573 1499 726 1557 sacerdotis
737 1509 780 1554 est
791 1498 865 1554 hanc
879 1515 1012 1554 exercere
1023 1505 1188 1573 potestatem,

111 1618 196 1672 quam
218 1620 235 1657 a
256 1599 374 1658 Christo
394 1598 522 1657 Domino
548 1599 693 1675 Apostolis
714 1614 891 1663 concessam,
906 1605 934 1652 et
955 1615 1008 1672 per
1034 1615 1085 1653 eos
1105 1612 1189 1653 eorum

112 1700 329 1757 successoribus
350 1700 497 1775 episcopis
512 1698 605 1756 datam
632 1716 696 1755 esse
711 1704 828 1764 constat,
843 1713 895 1771 per
915 1714 988 1767 quos
1008 1694 1192 1753 sacerdotibus

111 1799 349 1856 communicatur.
390 1797 535 1870 Equidem
550 1797 673 1856 consulit
686 1797 718 1854 S.
732 1795 873 1861 Thomas,
888 1805 928 1863 ut,
946 1793 1100 1853 deficiente
1113 1811 1192 1852 sacer·

112 1895 189 1965 dote,
204 1898 277 1956 laico
290 1898 338 1955 fiat
351 1897 508 1965 confessio,
524 1906 544 1933 ‘⁶
554 1897 603 1970 qui
613 1897 744 1969 quamvis
757 1903 964 1952 sacramentum
985 1894 1126 1970 perficere
1146 1910 1193 1951 non

112 1997 213 2073 possit,
228 2007 322 2056 tamen
337 1997 490 2055 sacerdotis
504 1996 646 2054 defectum
660 2014 790 2054 summus
804 1991 938 2051 sacerdos
958 1993 1076 2068 supplet
1086 1989 1133 2051 :”¹
1152 1989 1194 2049 sed

112 2097 211 2168 nequit
237 2098 308 2154 alius
332 2106 434 2172 praeter
454 2094 630 2152 sacerdotem
655 2095 814 2170 apeccatis
841 2093 962 2150 solvere.
1006 2092 1068 2165 Vix
1088 2091 1196 2168 expedit

111 2194 280 2270 plerumque
294 2205 326 2251 ut
349 2195 423 2251 laico
444 2193 556 2269 singula
576 2194 664 2251 animi
684 2213 784 2252 arcana
805 2191 981 2268 pandantur3
1008 2191 1062 2249 sed
1087 2191 1194 2250 humilis

111 2301 292 2368 peccatorum
319 2292 426 2368 agnitio
447 2291 564 2349 vocibus
587 2293 819 2369 generalioribus,
841 2288 958 2348 inservit
982 2299 1014 2347 ut
1036 2290 1194 2367 paenitentia

109 2388 196 2447 animi
210 2391 386 2448 innotescat:
403 2401 574 2467 quapropter
588 2393 636 2464 qui
651 2391 792 2468 ejusmodi
813 2390 944 2467 praestitit
963 2387 1072 2447 doloris
1087 2389 1193 2454 indicia,

110 2489 217 2566 poterit
237 2489 388 2566 sepultura
415 2509 494 2548 more
518 2490 672 2549 christiano
693 2488 868 2558 demandari,
890 2488 991 2548 solutis
1015 2491 1155 2558 censuris,
1176 2487 1196 2544 si

111 2588 213 2661 quibus
227 2590 323 2648 forsan
337 2590 423 2648 fuerit
432 2591 567 2649 irretitus.

153 2691 220 2747 122.
242 2690 311 2747 Non
335 2690 452 2748 cuilibet
471 2688 610 2748 sacerdoti
624 2689 790 2748 absolvendi
810 2697 935 2764 potestas
949 2689 1098 2763 competit,
1112 2685 1195 2745 sedei

111 2788 161 2860 qui
178 2788 430 2865 jurisdictionem
444 2789 564 2865 accepit.
597 2798 616 2823 ‘⁶
627 2787 793 2856 Quoniam’'
809 2789 903 2862 inquit
912 2786 1069 2847 concilium
1083 2785 1196 2845 Triden-

111 2887 213 2955 tinum,
229 2897 248 2923 “
261 2898 360 2946 natura
372 2900 400 2946 et
412 2891 483 2947 ratio
493 2887 595 2964 judicii
606 2889 675 2947 illud
685 2888 825 2964 exposcit,
839 2898 871 2945 ut
883 2886 1024 2944 sententia
1033 2887 1063 2945 in
1074 2885 1195 2944 subditos

113 2997 221 3044 tantum
236 2987 350 3056 feratur,
365 3006 532 3064 persuasum
549 3005 663 3064 semper
676 2989 706 3046 in
723 2987 858 3045 Ecclesia
877 2985 935 3044 Dei
955 2985 1018 3054 fuit,
1042 2996 1071 3044 et
1091 2985 1198 3045 verissi-

111 3080 264 3144 mum'esse
275 3086 404 3163 synodus
414 3088 571 3155 confirmat,
587 3088 691 3145 nullius
702 3087 838 3146 momenti
850 3085 1057 3144 absolutionem
1069 3103 1132 3144 eam
1142 3101 1198 3142 esse

113 3182 226 3253 debere,
241 3203 326 3257 quam
340 3187 473 3245 sacerdos
487 3187 515 3244 in
536 3205 601 3244 eum
616 3188 723 3264 profert
731 3188 760 3244 in
780 3204 865 3259 quem
880 3185 1052 3245 ordinariam
1075 3195 1124 3244 aut
1136 3184 1196 3241 sub·

112 3280 268 3358 delegatam
283 3302 341 3341 non
355 3285 440 3342 habet
447 3277 727 3363 jurisdictionem.”²

154 3382 221 3438 123.
242 3380 409 3440 Jurisdietio
423 3385 615 3443 ecclesiastica
627 3384 661 3443 in
667 3385 743 3466 foro
758 3390 879 3443 caterno
893 3391 1073 3459 estpotestas
1083 3381 1197 3460 regendi

112 3477 239 3536 subditos
262 3480 383 3557 legibus,
397 3481 507 3560 adjecta
521 3503 703 3544 censuramm
718 3485 878 3552 sanctione,
892 3484 922 3540 in
943 3483 1046 3554 quibus
1069 3481 1196 3541 tollendis

113 3577 199 3636 etiam
211 3588 370 3638 exercetur.
404 3580 444 3641 In
454 3581 530 3662 soro
544 3583 661 3642 interno
678 3583 840 3663 jurisdictio
853 3593 898 3640 est
912 3591 1037 3659 potestas
1058 3601 1116 3656 qua
1136 3599 1198 3640 con·

112 3676 238 3737 scientie
251 3679 388 3758 ligamina
407 3682 581 3760 injiciuntur,
597 3684 641 3740 vel
661 3685 806 3751 tolluntur,
822 3683 927 3760 praevia
940 3681 1032 3758 ipsius
1045 3680 1197 3758 peccatoris

111 3782 291 3840 accusatione
307 3789 474 3856 spontanea.
512 3781 678 3840 ordinaria
687 3781 847 3860 jurisdictio
862 3791 906 3839 est
918 3799 980 3853 qus
991 3781 1106 3838 muneri
1119 3779 1195 3845 inest,

112 3879 204 3949 qualis
221 3890 266 3938 est
291 3881 452 3948 Pontifiois,
467 3882 604 3958 episcopi,
621 3882 716 3939 vicarii
737 3882 887 3958 generalis,
902 3878 1040 3956 parochi:
1064 3877 1196 3957 delegato

110 3974 212 4036 dicitur
226 3998 288 4052 quae
301 3999 317 4036 a
330 3981 450 4056 praesule
464 3980 606 4038 ordinario
620 3980 704 4038 alicui
718 3981 879 4056 specialiter
890 3980 1126 4046 communicatur,
1136 3998 1162 4036 v:
1170 3994 1194 4053 g:

112 4077 279 4152 presbytero
302 4098 398 4137 curam
421 4081 577 4138 animarum
599 4099 656 4138 non
679 4081 834 4138 exercenti.
869 4079 1022 4155 Delegatio
1050 4075 1195 4155 aliquando

375 4220 378 4227 i
395 4257 432 4315 (l)
452 4256 538 4318 Suppl.
549 4255 581 4305 iii.
594 4271 618 4319 p.
630 4273 671 4319 qu.
683 4256 732 4305 viii.
745 4263 788 4305 art.
800 4257 824 4305 ii.
836 4257 866 4306 ad
882 4261 901 4307 l.

399 4341 440 4403 (2)
461 4339 526 4387 Sese.
538 4341 586 4390 xiv.
598 4356 651 4404 cap.
662 4343 703 4390 vii.
714 4342 744 4392 de
755 4343 838 4406 punit.
