2640 4860
111 387 168 443 100
294 379 351 439 DE
371 375 701 439 JURISDICTIONE
723 375 1014 438 coNFEssnrtn.

108 548 259 625 subjicere.
301 546 347 605 Ea
360 544 436 623 apud
449 564 501 604 nos
514 546 638 603 obtinuit
650 545 836 614 consuetudo,
859 554 890 603 ut
910 544 1072 604 sacerdotes
1085 544 1178 604 aliunde

110 647 303 714 advenientes,
323 655 353 703 et
376 646 479 704 idonea
500 664 600 704 secum
621 645 771 703 afferentes
792 645 964 715 testimonia,
991 654 1021 703 et
1042 644 1178 722 Regulares

110 747 236 804 examini
250 765 308 804 uon
321 747 525 824 subjiciantur:
550 745 600 802 sed
615 763 714 802 omnes
727 745 790 821 lege
813 743 984 802 Tridentina
1005 753 1145 814 tenentur:
1161 753 1182 802 et

109 845 194 921 plane
207 844 323 922 expedit
335 846 407 903 utin
422 846 482 904 dies
506 845 657 920 disciplina
678 843 731 902 hac
752 845 781 901 in
803 862 834 902 re
856 845 960 903 arctior
979 853 1122 902 servetur:
1140 863 1183 918 quc

110 955 194 1021 pacto
207 963 316 1003 errores
330 946 445 1021 plurimi
459 946 638 1002 evitarentur.
681 943 727 1001 Ad
746 961 868 1001 examen
881 962 918 1001 ex
928 946 1009 1021 justa
1022 962 1108 1002 causa
1119 962 1184 1002 reru·

109 1045 167 1101 cari
184 1054 305 1121 possunt
316 1064 333 1101 a
346 1063 510 1103 successore
524 1043 664 1120 episcopi,
688 1045 737 1116 qui
751 1060 801 1100 eos
824 1044 1003 1119 approbavit,
1026 1043 1183 1109 sacerdotes,

109 1145 195 1201 stiam
210 1145 364 1220 regulares.

152 1248 220 1302 127.
241 1243 419 1319 Approbatio
438 1243 472 1299 ab
495 1243 631 1318 episcopo
649 1241 706 1299 loci
725 1241 755 1297 in
775 1259 833 1314 quo
847 1240 995 1299 audiendae
1011 1250 1078 1299 sunt
1090 1241 1187 1300 coufes-

110 1344 208 1401 siones
222 1342 375 1400 obtinenda
395 1350 447 1408 est,
468 1342 509 1398 uti
530 1349 640 1399 constat
660 1359 697 1397 ex
718 1340 803 1398 Bulla
816 1340 976 1399 Innocentii
990 1341 1062 1399 ΧΠ.
1077 1341 1150 1400 edita
1162 1343 1189 1397 10

110 1442 218 1518 Aprilis
235 1446 328 1500 170οε
354 1441 431 1499 Cum
444 1440 541 1498 sicut:
562 1450 590 1497 et
603 1459 639 1498 ex
655 1439 738 1497 Bulla
753 1439 899 1497 Benedicti
913 1440 999 1498 XIV.
1015 1439 1189 1518 Apostolira.

111 1540 272 1599 Declaravit
286 1541 470 1600 Innocentius
484 1541 524 1597 X.
567 1539 753 1616 “Regulares
774 1541 804 1596 in
823 1558 880 1597 una
899 1539 1019 1598 dioeoesi
1033 1541 1190 1616 approbatos

111 1659 169 1699 non
191 1659 277 1716 posse
300 1642 329 1698 in
351 1639 406 1697 alia
426 1640 622 1698 confessiones
637 1639 744 1706 audire,
766 1638 829 1695 sine
850 1639 1057 1715 approbatione
1078 1638 1191 1716 episcup'

111 1739 166 1796 loci
182 1739 258 1797 illius
271 1739 302 1796 :”
324 1739 401 1812 quod
415 1748 443 1796 et
455 1739 550 1796 statuit
562 1738 743 1796 innocentius
757 1738 843 1797 Xlll.
865 1739 893 1796 iu
910 1738 1012 1796 Bulla:
1035 1736 1193 1816 Apostoliti

110 1837 286 1897 ministerii.
308 1840 474 1916 Episcopus
488 1848 580 1896 autem
595 1838 701 1894 electus
715 1847 744 1894 et
755 1837 949 1905 confirmatus,
965 1837 1099 1910 quamvis
1114 1839 1194 1897 adhuc

113 1956 170 1996 non
184 1950 377 2006 consecratus,
393 1947 487 2015 potest
508 1937 663 2014 approbare
686 1936 848 1995 sacerdotes
869 1936 902 1994 ad
927 1935 1083 1995 audiendas
1098 1937 1195 1996 confes·

111 2039 219 2105 siones,
235 2039 319 2096 habet
333 2039 409 2095 enim
419 2036 661 2115 jurisdictionem.
683 2037 861 2112 Approbatio
875 2037 1007 2113 episcopi
1023 2037 1144 2095 concedi
1156 2054 1196 2113 po·

113 2146 167 2193 test
181 2154 233 2210 per
247 2137 395 2193 Vicarium
417 2135 601 2202 Generalem,
615 2135 662 2193 vel
683 2136 769 2194 alium
784 2136 974 2204 sacerdotem,
990 2137 1038 2194 cui
1052 2137 1196 2214 episcopus

110 2233 273 2291 facultatem
287 2234 461 2308 approbandi
474 2233 656 2312 delegaverit.

154 2335 222 2388 128.
251 2331 356 2388 Peccat
382 2333 535 2409 episcopus
569 2335 618 2405 qui
652 2334 884 2410 approbationem
916 2334 980 2392 siue
1009 2334 1090 2411 justa
1123 2351 1197 2392 causa

111 2439 197 2507 negat
209 2429 360 2497 sacerdoti,
375 2433 531 2508 prasertim
546 2432 693 2510 Regulari,
708 2432 813 2491 idoneo
827 2433 939 2492 muneri
953 2433 1128 2493 exercendo.

155 2533 221 2587 129.
244 2529 411 2605 Episcopus
431 2541 526 2607 potest
538 2531 643 2589 limites
664 2531 803 2602 quosdam
819 2531 1017 2609 jurisdictioni
1032 2532 1163 2600 statuere,
1177 2537 1200 2588 11

111 2631 280 2706 restringere
305 2630 462 2698 facultates,
477 2649 542 2688 nam
559 2640 616 2688 tota
636 2631 670 2686 ab
685 2631 747 2707 ejus
761 2629 906 2689 voluntate
919 2629 1044 2707 pendet:
1067 2649 1200 2710 quaprop·

112 2741 154 2787 ter
174 2729 319 2787 damnavit
344 2729 506 2788 Alexander
527 2731 596 2788 Vll.
623 2748 697 2786 anno
726 2732 803 2786 1659
830 2732 859 2788 in
879 2749 965 2787 causa
990 2730 1199 2808 Andagaveusis

112 2830 242 2905 episcopi
263 2839 292 2887 et
313 2830 495 2904 regularium,
520 2830 593 2887 hauc
613 2828 856 2905 propositionem:
880 2830 981 2888 “Non
995 2842 1121 2905 possunt
1134 2830 1201 2907 epis·

112 2930 177 3003 copi
192 2929 324 2995 limitare,
340 2947 389 2986 seu
404 2931 571 3006 restringere
586 2929 815 3005 approbationes,
831 2948 901 3002 quas
915 2928 1096 3006 regularibus
1110 2947 1201 2988 conce·

111 3025 181 3084 dunt
194 3027 229 3084 ad
244 3028 440 3085 confessiones
456 3028 622 3095 audiendas,
637 3046 729 3099 neque
744 3029 801 3085 ulla
814 3048 851 3086 ex
866 3038 944 3105 parte
958 3029 1131 3088 revocare.”
1158 3029 1201 3086 Sic

112 3126 184 3184 solet
198 3127 226 3182 in
241 3127 323 3184 Italia
336 3127 454 3184 facultas
468 3146 618 3205 puerorum
634 3127 680 3184 vel
695 3129 818 3185 virorum
833 3127 1032 3186 confessiones
1043 3127 1202 3206 excipiendi

111 3224 242 3291 concedi,
257 3235 411 3297 autequam
425 3227 576 3285 mulierum
591 3227 789 3284 confessiones
810 3228 907 3285 audire
922 3227 1107 3287 concedatur.
1150 3224 1201 3285 Sed

112 3321 287 3380 “decretum
301 3325 433 3400 episcopi
446 3325 474 3382 in
490 3345 546 3397 quo
559 3325 687 3393 habetur,
709 3325 785 3398 quod
807 3327 901 3384 nullus
914 3327 1108 3406 confessarius
1122 3328 1200 3384 etiam

111 3422 146 3478 ab
161 3419 314 3478 Ordiuario
328 3423 497 3496 approbatus
512 3426 603 3500 possit
616 3436 741 3501 tempore
756 3426 889 3484 Paschali
908 3425 1107 3485 confessiones
1122 3427 1201 3484 alicu·

107 3522 158 3598 jus
179 3519 278 3577 audire
304 3522 365 3578 sine
385 3521 500 3581 licentia
520 3526 629 3600 proprii
655 3525 753 3593 curati,
775 3527 854 3583 nullo
875 3525 961 3584 modo
983 3533 1027 3583 est
1054 3526 1202 3584 observan-

112 3615 229 3679 dum.’'¹
271 3621 317 3679 Ad
331 3640 438 3679 aunum
459 3623 610 3695 aliquando
631 3623 713 3682 datur
727 3625 900 3701 jurisdictio,
923 3644 987 3698 quae
1002 3624 1124 3702 proinde
1139 3635 1202 3682 tem·

112 3740 181 3797 pore
205 3720 304 3796 elapso
327 3731 428 3780 cessat.
471 3724 646 3799 Approbatio
668 3723 880 3782 “ad‘nostrum
895 3724 1131 3802 beneplacitum”
1146 3740 1201 3781 mo·

112 3821 202 3879 riente
216 3822 364 3898 episcopo,
380 3824 509 3898 expirat:
531 3832 559 3880 et
571 3823 703 3881 Vioarius
719 3822 892 3899 Capitularis
907 3824 1011 3901 poterit
1023 3842 1159 3882 revocare
1171 3817 1202 3878 ad

113 3938 234 3978 examen
261 3921 430 3999 Regulares,
454 3923 557 3995 quibus
578 3923 617 3980 ita
642 3921 706 3980 data
726 3932 779 3990 est,
806 3941 914 3996 eosque
933 3924 1045 4001 privare
1071 3923 1197 3982 facultate

115 4019 248 4078 audiendi
263 4016 486 4080 11111111111111.2

157 4121 224 4175 130.
247 4119 411 4178 Venialium
426 4120 637 4179 confessionem
657 4122 790 4197 excipere
813 4121 919 4194 absque
935 4119 1137 4200 jurisdictione
1150 4117 1200 4176 dis·

153 4333 195 4398 (l)
215 4332 241 4381 S.
254 4333 285 4383 0.
296 4333 380 4399 Episc.
391 4336 415 4384 8.
425 4336 517 4400 Aprilis
530 4339 602 4386 11184.
790 4359 793 4365 ’
818 4339 861 4405 (2)
881 4336 1021 4402 11111111.
1033 4336 1170 4387 11111102.
