2640 4860
256 402 312 462 on
334 401 948 464 133331333333333333333
1075 387 1147 474 ’333

50 578 229 626 numeratur.
271 567 355 635 Quod
369 569 393 625 si
408 568 537 627 alteruter
551 571 641 646 magis
655 589 671 627 a
684 570 779 645 stipite
790 571 883 638 distet,
895 571 998 648 gradus
1011 578 1146 635 remotior

53 677 255 744 computatur;
282 686 336 726 nec
355 667 430 725 enim
457 669 560 726 arctius
586 670 659 726 inter
680 687 710 725 33
732 671 952 746 conjunguntur,
971 690 1055 743 quam
1081 693 1147 733 cum

53 767 169 842 stipite:
190 776 362 842 quapropter
375 767 535 825 consobrini
548 768 623 825 filius
645 769 759 826 nonnisi
773 769 856 826 tertio
868 769 956 846 gradu
974 788 1039 828 eum
1060 772 1146 831 altero

54 866 239 931 consobrino,
254 866 303 938 qui
316 864 459 922 secundus
472 876 524 927 est,
535 867 662 942 astipite,
678 868 869 944 conjungitur.
916 867 1020 926 Statuit
1039 869 1144 930 idcirco

54 962 88 1019 S.
104 965 177 1024 Pius
191 964 229 1020 V.
242 965 280 1022 in
294 974 383 1022 const.
421 961 651 1032 Sanctissimae,
667 983 741 1023 anuo
765 970 852 1039 1566,
868 974 888 1000 ‘⁶
901 965 978 1038 quod
992 967 1027 1024 de
1045 977 1146 1029 caetero

46 1061 86 1127 ¹iu
117 1063 343 1136 quibuscumque
371 1062 629 1138 dispensationibus
656 1052 916 1142 consanguinitatis
931 1075 960 1122 et
991 1065 1147 1135 affinitatis,

55 1161 180 1220 sufficiat
201 1163 381 1220 remotiorem
403 1171 510 1220 tautum
533 1162 651 1239 gradum
672 1161 865 1238 exprimere.’'
907 1163 1033 1240 Excepit
1052 1176 1147 1224 tamen
1302 1234 1304 1241 Ι

55 1261 181 1336 primum
195 1260 324 1338 gradum,
340 1260 369 1317 in
382 1277 416 1316 3ο
439 1261 546 1336 quippe
568 1261 707 1329 Sanctitas
732 1281 783 1319 333
803 1280 959 1334 numquam
980 1262 1144 1338 dispensare

54 1359 184 1417 intendit.
229 1359 346 1421 Hincsi
369 1358 491 1435 petenda
504 1361 541 1416 sit
563 1358 748 1434 dispensatio,
763 1371 794 1418 ut
815 1360 1005 1432 quisecundo
1018 1346 1104 1438 gradu
1127 1382 1144 1420 a

55 1457 257 1535 stipitedistat,
273 1442 338 1525 'erb'n
358 1476 392 1515 ea
406 1476 468 1530 quae
490 1459 570 1516 tertio
594 1456 680 1533 333313
693 1458 785 1527 distat,
803 1446 1145 1534 333311333333333
1184 1472 1188 1481 '

54 1548 213 1638 dicere'sos
227 1559 309 1615 tertio
322 1556 409 1634 gradu
425 1557 497 1614 inter
510 1575 541 1614 se
561 1558 714 1633 conjungi:
737 1558 762 1614 si
776 1567 869 1615 autem
890 1558 1007 1639 attingat
1020 1561 1144 1634 primum

53 1655 172 1730 gradum
192 1655 250 1713 ulla
271 1657 388 1725 ratione,
405 1673 442 1712 v:
463 1676 498 1732 g:
520 1657 545 1713 si
572 1665 688 1732 patruus
712 1675 777 1714 eum
798 1664 883 1732 nepte
907 1658 975 1717 velit
996 1659 1142 1735 conjungi,
1169 1708 1171 1713 .

10 1740 14 1757 ¹
54 1762 174 1826 uterque
187 1753 289 1830 gradm
304 1756 466 1814 necessario
480 1753 685 1830 exprimendus
700 1762 752 1822 est,
768 1773 833 1812 nam
847 1764 963 1829 patruus
977 1773 1042 1812 cum
1064 1766 1144 1831 patre,
1238 1773 1240 1784 ¹

55 1870 109 1910 333
123 1853 215 1928 primo
229 1853 314 1929 gradu
336 1855 527 1931 conjungitur,
542 1874 558 1911 3
571 1872 630 1925 quo
651 1853 762 1910 duobus
782 1852 916 1929 gradibus
937 1856 1033 1930 neptis
1047 1854 1141 1922 distet,

30 1992 33 2003 .
56 1951 116 2008 imo
135 1959 163 2009 et
183 1969 270 2009 sexus
284 1952 347 2030 ejus
361 1954 409 2023 qui
424 1952 638 2029 propinquioris
663 1959 705 2009 est
718 1951 822 2029 gradus
843 1950 1026 2010 declarandus
1047 1971 1145 2011 neces·

56 2052 132 2108 sario
143 2059 197 2117 est,
212 2069 301 2123 quum
320 2048 406 2127 longe
420 2051 566 2110 difficilius
586 2045 756 2108 concedatur
776 2058 806 2107 ut
825 2051 911 2108 amite
932 2052 1019 2110 nubat
1038 2053 1144 2129 nepoti,

56 2167 141 2220 quam
169 2159 201 2206 ut
225 2158 339 2226 patruus
360 2151 449 2225 nepti.
491 2150 524 2208 Si
549 2150 686 2207 remotior
708 2149 811 2227 gradus
833 2160 879 2206 eat
902 2151 975 2207 ultra
1001 2160 1143 2222 quartum,

56 2248 187 2323 plerique
201 2248 326 2325 theologi
340 2250 448 2307 nullum
464 2250 700 2324 impedimentum
714 2267 778 2307 esse
788 2259 914 2317 censent,
929 2250 996 2308 licet
1013 2250 1144 2307 alteruter

57 2348 151 2422 primo
163 2347 251 2424 gradu
266 2346 301 2404 ad
314 2347 439 2424 stipitem
454 2347 577 2405 accedat.
612 2347 733 2413 Quoties
745 2347 920 2424 dispensatio
934 2368 985 2426 pro
999 2349 1144 2406 remotiori

56 2445 145 2521 gradu
159 2447 247 2522 petita
259 2453 312 2512 est,
326 2445 424 2503 litterar
438 2445 626 2505 declaratoriae
640 2465 657 2501 a
670 2445 745 2503 Sede
756 2447 922 2521 Apostolica
936 2448 1065 2523 petendae
1080 2456 1146 2505 sunt

56 2555 89 2602 ut
109 2546 138 2602 in
153 2544 215 2603 loro
229 2553 346 2602 externo
367 2544 564 2612 exhibeantur,
579 2562 616 2601 ex
630 2542 800 2618 praelandata
816 2544 864 2601 Pii
878 2545 916 2600 V.
931 2546 1143 2611 constitutione,

56 2645 160 2715 quibus
175 2651 286 2701 constet
299 2642 539 2719 dispensationem
554 2643 616 2700 sine
639 2642 783 2699 mentione
806 2641 910 2718 gradus
931 2642 1145 2718 propinquioris

57 2744 202 2803 obtentam
223 2741 257 2799 de
272 2742 465 2818 subreptionis
491 2742 536 2799 331
555 2741 729 2816 obreptionis
753 2741 822 2798 vitio
845 2742 935 2798 notari
961 2759 1017 2798 non
1038 2758 1143 2816 posse:

56 2859 140 2907 secus
155 2839 330 2917 dispensatio
344 2841 372 2898 in
385 2841 571 2898 foroexterno
584 2839 853 2912 nequitexecutioni
862 2837 953 2896 valide
965 2837 1144 2896 demandari:

57 2938 164 2997 sedin
191 2941 373 2998 conscientie
400 2940 461 2997 foro
488 2932 776 3012 nonrequiruntur.¹
828 2937 865 3013 ln
894 2936 981 3013 gradu
1013 2937 1148 3009 inaequali
1249 2941 1252 2946 “

56 3037 276 3114 exprimendos
299 3039 420 3097 maseuli
433 3037 520 3114 gradu
536 3038 660 3114 incipere
681 3043 801 3112 oportet,
816 3036 876 3092 sive
900 3036 937 3092 sit
957 3035 1146 3111 propinquior

56 3140 118 3196 sive
129 3139 273 3196 remotior.
308 3136 387 3195 Hinc
400 3146 549 3194 matertera
562 3136 598 3194 ad
610 3135 701 3193 filium
721 3134 812 3192 fratris
827 3133 930 3192 dicitur
942 3155 959 3192 a
971 3133 1096 3192 secundo
1110 3134 1145 3192 ad

56 3237 193 3314 primurn.

99 3340 167 3394 152.
191 3334 298 3394 “Inter
317 3353 366 3393 eas
385 3335 554 3411 personas,''
570 3335 663 3407 inquit
683 3333 821 3391 Nicolaus
835 3332 860 3392 1.
884 3341 903 3369 ‘⁴
915 3352 977 3405 quae
998 3341 1144 3409 parentum

54 3435 246 3494 liberorumve
259 3436 356 3508 locum
369 3434 443 3492 inter
456 3453 487 3491 se
509 3434 646 3500 obtinent,
667 3433 772 3509 nuptiae
786 3433 915 3492 contrahi
936 3451 993 3490 non
1014 3444 1145 3509 possunt,

54 3532 142 3593 veluti
156 3534 229 3592 inter
242 3544 350 3609 patrem
364 3533 501 3600 33111133,
511 3542 539 3589 33
549 3550 633 3590 avum
644 3540 672 3589 et
685 3540 810 3608 neptem,
823 3533 869 3590 vel
879 3541 996 3590 matrem
1005 3542 1033 3589 et
1042 3532 1144 3598 filium,

54 3634 99 3690 331
120 3633 213 3690 aviam
233 3641 263 3690 et
287 3640 431 3708 nepotem,
447 3641 475 3688 et
494 3649 585 3703 usque
606 3625 851 3687 3(11311313333.”2
890 3630 923 3688 Id
939 3631 997 3706 juri
1018 3629 1144 3705 gentium

55 3739 213 3791 consonat:
237 3731 284 3788 “J
287 3750 336 3789 ure
356 3731 482 3808 gentium
497 3731 638 3788 incestum
651 3727 813 3794 committit,
829 3728 928 3798 quiex
943 3725 1030 3801 gradu
1046 3743 1146 3782 ascen·

54 3824 181 3907 dentium
195 3828 242 3887 vel
260 3827 493 3897 descendentium
513 3845 633 3885 uxorem
655 3818 818 3882 duxerit.'’³
857 3824 921 3882 Imo
942 3824 1087 3899 plerisque
1107 3839 1145 3880 ex

54 3939 162 3987 naturas
178 3930 244 4006 jure
257 3919 401 4005 profluere
419 3925 537 3995 videtur,
554 3925 651 3984 saltem
669 3923 781 3980 seclusa
801 3923 970 3980 necessitate
989 3921 1146 3979 humanum

92 4155 136 4223 (1)
156 4153 220 4202 Vide
232 4153 313 4203 adnot.
325 4153 355 4202 P.
367 4152 475 4218 Philippi
486 4153 516 4203 de
528 4152 687 4202 Gorboneano
699 4147 730 4198 od
741 4146 846 4198 Antoine
856 4145 886 4195 de
905 4143 1012 4195 Matrim.
1024 4160 1046 4195 3.
1057 4143 1092 4193 111.
1103 4158 1145 4207 qu.

57 4240 90 4290 iii.
128 4239 201 4291 Nutu.
215 4239 241 4289 S.
254 4239 316 4289 Pius
325 4240 358 4289 V.

92 4326 136 4392 (2)
157 4323 196 4374 Ad
207 4324 319 4374 33333133
329 4324 494 4387 Belgaromm
505 4339 527 4374 c.
539 4322 627 4373 xxxix.
696 4322 738 4386 (3)
758 4317 788 4368 1..
800 4316 843 4367 ult
854 4316 888 4366 ix.
898 4313 926 4365 dc
934 4313 979 4368 rit.
989 4311 1150 4381 nuptiarum.

97 4421 174 4480 Ver..
189 4420 329 4480 tlt-eu
