2640 4860
108 385 169 442 256
386 375 590 438 anONEs
610 377 921 440 POENITENTIAE.

149 547 207 614 Qui
234 545 326 603 aliena
350 544 539 623 concupiscit,
566 545 672 605 furtum
696 557 758 614 est;
791 547 841 619 qui
866 547 961 606 aliena
986 565 1088 624 rapere
1112 549 1186 625 cupit,

110 647 209 723 rapina
222 654 283 702 est:
305 644 434 716 quirem
455 644 583 702 ecclesie
606 645 692 703 iurari
711 646 829 722 appetit,
849 647 1033 723 sacrilegium
1055 655 1115 705 est:
1134 647 1188 706 ideo

110 763 175 806 curn
190 743 298 802 nefarie
311 742 541 821 concupiscendo
554 744 675 820 gravitm
695 755 805 820 peccet,
828 753 860 802 ut
878 747 990 821 peceati
1003 746 1129 805 mortalis
1141 764 1188 823 pte

110 843 259 904 nitentiam
273 851 336 920 aget
349 842 504 900 sacerdotis
519 842 660 900 arbitratu.

149 942 209 1009 Qui
221 960 283 1000 rem
297 941 419 1014 aliquam
434 941 558 1017 proximi
572 940 726 1017 pretiosam
746 942 874 1017 invenire
896 944 987 1020 cupit,
1006 952 1040 1001 ut
1058 943 1132 1002 illam
1145 941 1187 1000 sib‘

109 1043 239 1108 retineat,
266 1040 386 1099 mortale
407 1048 557 1116 peccatum
578 1041 713 1117 concipit,
740 1041 822 1117 cujus
849 1042 1048 1118 paenitentiam
1074 1050 1143 1119 aget,
1165 1049 1188 1098 ut

109 1140 316 1218 supradictum
331 1148 374 1197 est
386 1137 421 1196 de
441 1139 525 1197 furto.

113 1369 250 1431 Canama
261 1378 425 1451 spectantes
433 1377 558 1450 paccata
571 1377 677 1430 contra
690 1369 839 1430 decimam
851 1369 1002 1450 Decaloga'
1010 1378 1185 1451 praeceptam.

152 1545 186 1602 Si
204 1546 269 1617 quis
288 1544 465 1620 concupiscit
479 1543 629 1601 fornicari:
658 1543 683 1598 si
702 1543 866 1620 episcopus,
882 1543 1027 1621 poeuitens
1045 1544 1097 1601 erit
1113 1560 1185 1601 annos

112 1655 240 1721 septem;
261 1645 287 1701 si
308 1644 468 1721 presbyter,
482 1643 628 1716 quinque;
649 1643 674 1698 si
695 1641 831 1700 diaconus
851 1643 897 1700 vel
917 1642 1087 1710 monachus,
1107 1651 1185 1708 treas

116 1743 220 1816 quibus
235 1760 323 1801 unum
337 1744 367 1801 in
380 1760 455 1819 pane
468 1754 496 1800 et
509 1759 600 1814 aqua;
622 1741 647 1798 si
661 1740 791 1810 clericus,
807 1751 855 1799 aut
868 1741 970 1810 laicus,
984 1760 1076 1800 anuos
1089 1740 1161 1798 duos.

153 1843 186 1900 Si
213 1842 278 1915 quis
298 1841 328 1899 in
349 1843 470 1900 somniis
492 1860 529 1899 ex
551 1839 700 1899 immundo
720 1838 862 1899 desiderio
883 1841 1040 1917 polluitur;
1061 1849 1150 1917 surgat
1164 1846 1183 1895 et

115 1949 208 2000 cantet
221 1941 349 2018 psalmos
363 1940 582 2018 poenitentiales,
596 1949 625 1998 et
637 1940 700 1997 dies
713 1940 827 2017 triginta
839 1942 987 2018 peniteat.

153 2041 186 2098 Si
213 2041 345 2108 clericus,
368 2049 416 2098 aut
440 2039 529 2097 laicus
550 2057 587 2097 ex
613 2040 688 2097 mala
712 2041 895 2116 cogitatione,
917 2037 1183 2117 concupiscentiaque

113 2156 211 2198 semen
226 2138 369 2206 effuderit,
384 2139 524 2215 poenitens
537 2139 591 2196 erit
603 2138 665 2196 dies
678 2146 799 2214 septem.

391 2369 593 2430 CANONES
616 2371 926 2433 POENITENTIAE.

371 2562 418 2622 De
445 2572 555 2644 septem
580 2565 720 2625 Peccatis
749 2565 948 2646 capitalibus.

154 2733 212 2792 Pro
226 2733 340 2810 capitali
354 2735 524 2807 mortalique
538 2736 656 2793 crimine
672 2737 838 2812 poenitentia
856 2747 966 2813 septem
982 2755 1117 2794 annorum
1131 2731 1188 2792 indi·

113 2833 194 2901 citur,
211 2834 266 2891 nisi
280 2834 388 2908 peccati
401 2834 533 2910 gravitas,
547 2844 575 2891 et
596 2854 725 2912 personae
746 2846 834 2893 status
855 2837 1030 2894 severiorem
1050 2834 1189 2894 diuturnio-

113 2950 231 3004 remque
244 2932 438 3008 poenitentiam
452 2935 586 3005 requirat.

154 3030 214 3114 Pro
238 3032 351 3107 capitali
375 3032 495 3090 crimine
520 3034 714 3108 poenitcntiarn
740 3045 805 3109 aget
830 3033 920 3091 laicus
947 3053 1038 3092 annos
1066 3041 1189 3107 quatuort

115 3128 235 3187 clericus
259 3132 402 3203 quinque;
430 3132 621 3189 subdiaconus
647 3151 717 3200 sex;
745 3132 881 3191 diaconus
908 3143 1036 3210 septem;
1059 3135 1193 3210 presbyter

117 3226 234 3295 decem;
249 3229 403 3304 episcopus
417 3228 576 3288 duodecim.

156 3325 297 3383 Sacerdos
317 3328 512 3403 imprudenter
531 3330 625 3387 ebrius
646 3330 749 3397 saeuis,
771 3348 843 3405 pane
864 3340 892 3387 et
910 3350 985 3404 aqua
1011 3331 1193 3407 poenitentian

116 3423 247 3499 agatdies
255 3433 363 3499 septem
374 3444 382 3492 ;
397 3427 422 3485 si
431 3428 618 3504 negligenter,
629 3429 689 3486 dies
700 3428 865 3503 quindecim
877 3450 884 3497 ;
900 3431 924 3487 si
934 3449 987 3506 per
997 3412 1193 3506 contemptum,

115 3521 176 3579 dies
191 3521 385 3600 quadraginta.
824 3519 827 3524 ’

154 3622 303 3680 Diaconos
317 3632 345 3680 et
358 3622 430 3681 alius
445 3625 565 3685 clericus
579 3627 673 3684 ebrius
694 3628 796 3694 factus,
811 3627 924 3686 arbitrio
944 3627 1103 3687 sacerdotis
1115 3623 1193 3704 poeni·

112 3731 174 3780 tens
188 3725 250 3781 erit.

153 3822 315 3881 Monachus
342 3822 447 3891 ebrius,
468 3843 542 3900 pane
564 3832 592 3881 et
614 3843 688 3897 aqua
714 3824 861 3884 mensibus
885 3826 992 3884 tribus:
1020 3826 1046 3883 si
1074 3825 1192 3887 clericus,

112 3922 213 3998 viginti
227 3923 299 3980 dies.

152 4020 256 4079 Laicus
274 4021 403 4079 ebriosus
419 4023 540 4098 graviter
553 4032 694 4099 arguatur,
709 4033 738 4081 et
757 4024 953 4099 poenitentiam
973 4041 1058 4101 agere
1078 4042 1095 4080 a
1114 4035 1192 4079 sacer·

113 4115 178 4176 dote
191 4129 316 4196 cogatur.

153 4215 210 4282 Qui
235 4217 417 4276 humanitatis
437 4220 524 4294 gratia
547 4220 633 4278 alium
659 4221 797 4279 inebriare
818 4221 903 4297 cogit,
925 4221 1120 4297 poenitentiam
1139 4220 1192 4294 agel

113 4311 174 4371 dies
188 4324 297 4392 septem
310 4335 317 4373 :
339 4316 364 4373 si
378 4334 430 4392 per
442 4327 648 4395 contemptum,
663 4319 723 4379 dies
737 4321 859 4397 triginta.
