2640 4860
182 381 242 437 248
473 373 674 433 CANONES
696 373 1004 436 POENITENTIAE.

223 543 258 600 Si
268 544 333 616 quis
345 540 479 618 ligaturas
494 551 541 599 ant
547 541 750 599 fascinationes
760 541 866 610 lecerit,
874 543 1018 619 poenitens
1028 543 1084 600 erit
1097 559 1189 600 annos
1207 541 1274 600 duos

185 660 237 719 per
249 640 390 717 legitimas
404 639 499 698 ferias.

223 739 257 797 si
271 741 335 812 quis
349 739 500 815 sortilegus
515 739 609 806 suerit,
624 738 817 813 penitentiam
828 749 894 816 aget
907 737 967 797 dies
981 739 1180 816 quadraginta.

222 838 256 897 st
270 840 333 912 quis
348 840 376 897 in
388 838 544 904 codicibus,
559 838 648 895 autin
661 837 762 895 tabulis
776 848 852 896 sorte
865 837 950 896 ducta
962 857 1008 897 res
1028 839 1139 897 suturas
1159 839 1271 912 requisi·

185 939 249 1004 erit,
263 940 404 1014 poenitens
418 938 471 995 erit
484 936 545 994 dies
558 936 752 1012 quadraginta.

224 1037 395 1114 Respiciens
410 1036 482 1093 furta
495 1037 524 1093 in
539 1035 700 1102 astrolabio,
715 1035 796 1093 anuis
809 1034 930 1094 duobus.

222 1136 256 1194 Si
269 1138 334 1209 quis
344 1137 464 1193 clericus
474 1135 517 1192 vel
533 1132 700 1203 monachus,
713 1142 863 1211 postquam
878 1135 943 1194 Deo
957 1136 1077 1203 voverit,
1086 1135 1123 1194 ad
1137 1135 1269 1193 seculum

181 1235 305 1302 redierit,
318 1235 510 1312 poenitentiam
519 1243 584 1310 aget
597 1252 686 1290 annos
698 1232 809 1301 decem,
820 1252 942 1307 quorum
953 1243 1009 1292 tres
1020 1236 1051 1293 iu
1065 1253 1141 1313 pane
1156 1243 1184 1292 ct
1194 1253 1269 1307 aqua.

183 1503 320 1563 Uonones
327 1509 493 1581 spectantes
498 1509 622 1580 peccata
632 1509 737 1561 contra
747 1501 912 1562 secundum
920 1500 1071 1580 Deculogi
1079 1510 1268 1581 praeceptum.

221 1728 401 1798 Quicumque
421 1727 516 1783 sciens
532 1726 710 1803 pejeraverit,
726 1726 912 1804 quadraginta
924 1726 985 1784 dies
1000 1729 1030 1786 in
1043 1745 1118 1804 pane
1138 1736 1168 1785 et
1187 1746 1266 1800 aqua,

182 1836 210 1884 et
230 1836 342 1903 septem
364 1835 516 1898 sequentes
538 1843 628 1883 annos
648 1825 793 1900 pmniteat,
817 1836 845 1884 et
865 1845 1010 1899 uunquam
1031 1827 1071 1885 sit
1097 1826 1161 1884 sine
1183 1827 1267 1903 poeni·

183 1926 279 1993 tentia,
307 1934 336 1982 et
360 1943 506 1997 nunquam
533 1925 562 1982 in
590 1925 785 1983 testimonium
810 1925 980 2001 recipiatur;
1014 1932 1083 2003 post
1105 1924 1168 1983 haec
1193 1943 1264 1984 com-

181 2026 346 2083 munionem
361 2025 488 2100 recipiat.

220 2124 279 2190 Qui
293 2123 448 2199 perjurium
463 2124 491 2180 in
501 2121 635 2179 Ecclesia
649 2122 756 2190 lecerit,
772 2123 964 2199 poenitentiam
977 2132 1041 2201 aget
1054 2141 1147 2182 annos
1161 2123 1263 2181 decern.

218 2221 277 2288 Qui
297 2222 393 2278 sciens
407 2223 517 2297 pejerat
530 2217 638 2277 domini
653 2221 788 2298 impulsu,
804 2223 945 2298 poenitens
963 2224 1017 2280 erit
1036 2222 1263 2300 quadragesimas

188 2330 255 2387 tres,
271 2329 299 2376 et
311 2318 394 2376 ferias
408 2318 566 2394 legitimas:
588 2317 722 2378 dominus
743 2331 835 2379 autem
849 2321 915 2394 quia
926 2324 1072 2398 precepit,
1088 2321 1265 2399 quadraginta

183 2417 243 2476 dies
258 2420 374 2493 inpane
388 2427 417 2474 et
429 2435 513 2489 aqua,
525 2426 553 2474 et
566 2427 675 2494 septem
691 2430 844 2493 sequentes
858 2439 958 2479 annos.

218 2517 329 2591 Siquis
344 2516 438 2574 sciens
453 2517 629 2593 pejeraverit,
645 2519 774 2592 aliosque
789 2520 817 2577 in
832 2520 989 2596 perjurium
1009 2519 1167 2588 induxerit,
1181 2519 1262 2596 poeni·

177 2626 240 2677 tens
252 2619 304 2676 erit
313 2616 375 2675 dies
386 2616 571 2692 quadraginta
579 2617 608 2674 in
622 2636 696 2693 pane
707 2629 734 2675 et
748 2638 831 2691 aqua,
844 2631 873 2675 et
885 2630 995 2695 septem
1004 2629 1160 2692 sequentes
1169 2636 1261 2686 anuos,

177 2728 205 2775 et
219 2737 271 2795 per
283 2708 326 2776 ¹tot
339 2718 464 2793 perjuria
473 2717 624 2794 jejunabit,
638 2727 706 2789 quot
719 2717 850 2775 homines
866 2719 895 2776 iu
908 2719 1067 2796 perjurium
1078 2718 1228 2777 induxerit.

216 2817 250 2874 Si
263 2819 327 2890 quis
341 2835 392 2892 per
405 2815 590 2892 cupiditatem
605 2817 762 2894 perjurium
777 2816 884 2886 fecerit,
897 2820 1021 2876 carinam
1033 2818 1063 2874 in
1077 2837 1153 2894 paue
1162 2826 1263 2889 etaqua

175 2917 304 2992 jejunet:
326 2915 409 2982 item,
424 2916 448 2972 si
470 2915 532 2987 quis
553 2933 604 2991 per
625 2914 808 2991 cupiditatem
829 2916 1006 2993 pejeraverit,
1021 2934 1125 2974 omnes
1145 2935 1190 2974 res
1204 2932 1262 2973 suas

179 3014 291 3083 vendet,
307 3025 335 3072 et
354 3015 527 3091 pauperibus
548 3013 705 3082 distribuet,
721 3023 749 3071 et
768 3017 970 3073 monasterium
991 3016 1140 3092 ingressus
1156 3015 1219 3093 jugi
1237 3031 1262 3069 se

177 3115 348 3189 poenitentiae
366 3112 476 3171 subdet.

215 3211 320 3271 Nota:
344 3211 459 3280 Carina,
474 3218 599 3270 vocatur
611 3212 770 3292 jejunium
785 3214 816 3272 in
833 3232 913 3292 pane
928 3221 955 3272 et
969 3232 1049 3292 aquo
1064 3232 1121 3293 per
1141 3212 1262 3293 quadra·

176 3309 267 3389 ginta
281 3311 365 3368 dies·
352 3352 363 3380 ,
388 3311 501 3368 dicitur
515 3311 551 3368 ab
566 3310 648 3382 aliis,
663 3333 775 3381 carena,
789 3323 940 3372 carentena
953 3323 982 3372 et
995 3314 1190 3392 quadragena.
1253 3341 1256 3347 ·

215 3408 320 3480 Siquis
332 3420 444 3465 coactus
449 3411 692 3484 ,necessitateque
704 3413 757 3470 alia
769 3414 908 3488 impulsus
917 3414 1074 3490 perjurium
1085 3411 1261 3475 commiserit,

176 3507 206 3564 in
219 3508 384 3582 poenitentia
398 3509 450 3564 erit
464 3509 689 3584 quadragesimis
704 3512 803 3569 tribus.
894 3520 1032 3597 tw,-

214 3604 245 3664 It
233 3614 302 3675 t‚ern
313 3607 410 3679 siquis
421 3619 535 3665 coactus
550 3610 728 3684 pejeraverit,
739 3611 878 3686 poenitens
887 3591 1057 3691 ⁴10,ch
1071 3630 1145 3688 pane
1156 3620 1185 3669 et
1197 3627 1262 3683 aqua

175 3707 293 3776 victitet,
309 3727 342 3764 ac
355 3717 491 3782 praeterea
504 3709 637 3766 omnibus
650 3711 739 3767 sextis
754 3709 843 3768 feriis.

213 3807 322 3881 Siquis
337 3804 505 3875 seductus,
498 3826 644 3884 ignorans,
658 3817 686 3865 et
698 3817 797 3885 postea
817 3809 975 3886 cognoscit,
990 3809 1187 3886 poenitentiam
1202 3816 1258 3884 aget

174 3925 278 3965 anuum
293 3925 392 3971 unum,
407 3907 453 3965 vel
468 3905 698 3984 quadragesimas
712 3917 778 3975 tres,
793 3910 839 3966 vel
853 3907 912 3966 dies
928 3907 1126 3984 quadraginta.

214 4005 271 4071 Qui
291 4004 439 4081 compellit
452 4006 538 4062 ulium
552 4014 582 4062 ut
602 4006 704 4064 salsum
721 4008 808 4084 juret,
824 4007 1009 4084 quadraginta
1020 4006 1081 4064 dies
1096 4009 1126 4064 in
1140 4023 1223 4082 pane,
1237 4012 1260 4059 et

176 4121 258 4174 aqua,
273 4112 302 4158 et
315 4112 425 4179 septem
441 4123 530 4162 annos
545 4105 572 4162 in
588 4105 752 4180 poenitentia
765 4105 826 4164 erit.

212 4199 244 4256 Si
260 4202 323 4271 quis
335 4218 365 4257 se
372 4202 559 4276 jurejurando
568 4204 761 4271 obstrinxerit,
774 4213 876 4262 utcum
886 4204 1090 4281 aliquolitigct,
1099 4221 1154 4263 nec
1161 4219 1256 4279 pacem

172 4315 238 4356 curn
258 4315 293 4354 eo
313 4299 487 4368 reconciliet,
503 4303 697 4377 poenitentiam
719 4314 783 4380 aget
802 4303 862 4362 dios
883 4302 1066 4381 quadraginta
1099 4305 1128 4363 in
1149 4320 1222 4379 pane
1235 4308 1260 4357 ot
