2640 4860
112 390 172 447 81⁴
394 380 453 441 DE
475 379 656 440 OFFICIIS
676 378 929 440 CONJUGUM.

149 554 199 609 99.
221 548 304 607 Liost
315 549 434 626 conjugi
446 548 694 607 excommunicato
707 545 825 605 reddere
839 546 981 614 debitum,
996 557 1026 606 et
1038 548 1073 605 ab
1088 565 1122 605 eo
1134 545 1190 605 illud

112 663 225 729 petere:
240 666 307 706 nam
319 647 367 706 lex
381 648 507 725 conjugii
520 657 638 705 excusat
649 665 769 704 uxorem
782 646 1194 722 obtemperantem,utioomtat

110 767 148 809 ex
162 748 296 824 Gregorii
314 747 382 807 Vll.
397 743 612 805 deolamtione.¹
642 744 705 804 imo
719 745 849 822 plerique
863 745 965 804 dieunt
977 747 1195 804 exeommunica-

112 862 173 907 tum
199 864 284 924 posse
311 860 407 923 petere
429 846 567 912 debitum,
587 846 653 918 quia
678 863 736 903 non
760 855 895 903 censetur
922 844 1060 904 Eoelesia
1086 862 1148 903 eum
1169 845 1193 901 in

114 947 272 1023 perieulum
287 945 359 1005 adeo
373 945 555 1005 manifestum
568 945 721 1021 conjicere.

153 1048 204 1103 99.
226 1045 341 1121 Negare
355 1064 412 1104 una
431 1044 550 1103 alterave
564 1045 626 1101 vice
646 1042 774 1101 debiturn
787 1041 940 1121 conjugale
960 1043 1082 1120 petenti,
1096 1042 1196 1100 secluso

115 1145 244 1222 periculo
258 1144 423 1220 pollutionis
437 1157 467 1202 et
479 1144 573 1220 gravis
592 1141 715 1209 dissidii,
729 1141 841 1201 videtur
854 1141 976 1200 venialis
996 1142 1101 1220 eulpa:
1124 1160 1200 1215 quum

115 1263 153 1303 ex
178 1245 326 1302 communi
348 1244 498 1302 hominum
525 1242 711 1300 estimatione
737 1260 841 1300 munus
862 1238 996 1320 conjugii
1014 1260 1077 1301 non
1098 1259 1200 1318 semper

116 1353 224 1419 urgeat.
266 1342 299 1401 ld
322 1341 474 1401 dicendum
498 1343 523 1399 si
549 1342 658 1418 conjux
683 1342 804 1399 remisse
824 1351 912 1417 petat,
926 1351 956 1398 et
973 1341 1110 1417 precibus
1131 1339 1200 1399 facile

116 1441 208 1509 aedat,
223 1442 268 1499 vel
282 1443 307 1500 si
320 1442 498 1515 frequentius
512 1451 589 1518 petat
607 1440 708 1500 eadem
723 1452 817 1509 noete,
833 1441 877 1500 vel
896 1439 954 1497 die.
998 1439 1087 1507 Quod
1100 1441 1125 1498 si
1138 1441 1199 1516 peri·

117 1540 213 1601 culum
236 1542 447 1600 incontinentiae
474 1542 520 1608 sit,
541 1539 700 1598 sedendum
722 1541 816 1607 toties,
836 1548 977 1613 quatenus
1004 1541 1082 1598 vires
1109 1539 1198 1597 ierant

119 1640 225 1698 Pereat
244 1640 328 1717 igitur
349 1642 473 1717 graviter
485 1659 548 1713 qum
571 1640 632 1698 viro
652 1639 836 1697 vehementer
855 1639 981 1697 excitato
1003 1647 1153 1717 repugnat,
1166 1637 1202 1695 vel

118 1758 182 1813 qure
195 1741 298 1808 renuit,
309 1759 374 1799 cum
387 1751 466 1799 certo
479 1740 582 1798 suroris
596 1739 642 1797 vel
655 1737 839 1815 blasphemie
853 1738 994 1814 periculo.

157 1840 207 1897 91.
231 1838 386 1916 Paupertas
406 1842 562 1918 conjugum
576 1858 633 1898 non
646 1848 690 1896 est
701 1857 788 1897 eausa
800 1836 948 1896 sufficiens
965 1836 1091 1915 negandi
1105 1836 1200 1895 debiti:

119 1955 185 1995 nam
199 1938 327 2015 conjugii
344 1938 409 1997 finis
434 1939 587 2016 prevalere
609 1937 693 1996 debet
712 1936 902 1995 incommodis
923 1954 961 1996 ex
981 1937 1064 2013 prole
1091 1936 1202 2001 orituris,

119 2038 275 2113 presertim
290 2056 377 2110 quum
392 2039 604 2096 incontinentiae
624 2038 793 2114 plerumque
813 2037 850 2093 sit
862 2035 1033 2112 perieulum,
1047 2036 1073 2093 si
1087 2045 1201 2112 negetur.

121 2133 337 2194 “Conveniunt
349 2154 451 2194 omnes
471 2155 534 2194 esse
548 2137 750 2213 obligationem
770 2134 916 2204 reddendi,
931 2136 957 2219 si
980 2136 1057 2193 adsit
1077 2136 1107 2194 in
1125 2137 1202 2193 altero

120 2234 278 2310 periculum
305 2235 534 2293 incontinentia:
556 2234 633 2306 quod
654 2254 762 2303 revera,
777 2233 821 2315 (ut
832 2236 904 2293 bone
925 2234 1048 2293 advertit
1064 2229 1203 2310 Conineh)

120 2333 168 2389 vix
182 2350 240 2390 non
263 2331 363 2399 arlerit,
380 2334 405 2391 si
426 2334 455 2392 in
482 2332 584 2391 eodem
598 2345 660 2393 toro
681 2335 788 2412 conjux
809 2335 926 2401 habitet,
939 2345 968 2392 et
991 2334 1062 2393 alter
1088 2333 1204 2393 debitum

119 2423 243 2508 petat.”'
271 2431 321 2490 Ex
342 2444 440 2492 mutuo
460 2451 604 2492 consensu
625 2445 770 2511 oporteret
785 2433 900 2506 quidem
923 2434 1077 2501 abstinere,
1093 2449 1204 2504 eamque

120 2531 255 2590 adhibere
268 2532 407 2594 cautelam
429 2552 485 2607 qua
498 2532 797 2611 tollatnrpericulum:
812 2532 863 2590 sed
873 2533 897 2590 si
912 2533 1046 2592 altemter
1059 2543 1145 2610 petat,
1160 2533 1203 2589 vix

120 2632 187 2690 lieet
200 2651 357 2709 repugnare
370 2634 408 2692 nb
426 2634 518 2692 solam
532 2643 736 2708 paupertatem.
778 2632 811 2689 Si
831 2634 883 2700 vir,
898 2652 950 2690 sua
964 2634 1065 2690 inertia
1085 2633 1129 2690 vel
1149 2649 1207 2708 pro·

120 2731 273 2808 digalitate,
287 2751 372 2790 eausa
385 2735 422 2792 sit
441 2733 624 2810 paupertatis,
640 2732 749 2790 videtur
767 2732 853 2790 licere
873 2733 901 2789 ei
924 2733 1068 2799 resistere,
1083 2751 1147 2790 nam
1162 2731 1207 2808 jus

120 2831 173 2888 sibi
188 2832 286 2904 nequit
306 2833 448 2891 vindicare
472 2832 652 2909 procreandae
673 2831 771 2907 prolis,
785 2832 831 2889 oni
851 2832 1012 2889 nullatenus
1034 2831 1128 2888 studet
1149 2849 1208 2908 pro·

121 2930 226 2988 videre.
1068 2926 1080 2945 ⁸

160 3033 210 3088 99.
233 3029 302 3088 Non
323 3030 407 3090 debet
428 3033 470 3090 vir
487 3032 606 3108 jejuniis
633 3030 729 3088 nimiis
749 3048 781 3086 se
807 3029 925 3088 reddere
947 3031 1146 3106 impotentem,
1160 3046 1208 3086 neo

120 3129 221 3187 nrulier
230 3130 390 3206 jejunando
405 3132 465 3188 fieri
476 3131 561 3188 nimis
575 3130 722 3198 deformis,
733 3128 804 3188 adeo
818 3143 849 3187 ut
858 3148 921 3187 eam
936 3128 980 3186 vir
993 3139 1151 3187 aversetur.

160 3231 209 3286 93.
232 3227 353 3286 Constat
380 3230 523 3288 neminem
542 3230 577 3287 ad
598 3227 774 3306 peccandum
797 3229 895 3296 teneri,
910 3228 1035 3300 ideoque
1061 3228 1208 3304 conjugem

120 3341 177 3382 non
193 3328 281 3383 teneri
292 3327 408 3385 reddere
421 3328 559 3396 debiturn,
571 3330 684 3402 quoties
697 3339 776 3387 actus
791 3330 852 3404 ipse
866 3328 957 3386 malus
972 3328 1021 3384 fit:
1052 3327 1117 3385 “Si
1131 3327 1209 3402 eulpa

120 3440 152 3479 se
165 3434 240 3480 tenet
253 3443 290 3482 ex
303 3438 381 3499 parte
399 3437 489 3494 astus,
504 3438 572 3502 puta
586 3429 611 3486 si
625 3428 695 3485 alter
707 3437 783 3504 petat
796 3428 824 3484 in
839 3428 903 3485 loco
917 3447 1011 3493 sacro,
1024 3427 1070 3484 vel
1091 3426 1209 3503 publico,

121 3522 165 3579 vel
179 3523 203 3580 si
218 3541 281 3580 eum
293 3523 421 3598 periculo
436 3525 561 3593 abortus,
575 3526 620 3584 vel
632 3528 759 3584 sanitatis
770 3527 900 3604 proprie,
913 3539 960 3584 aut
973 3526 1102 3594 alterius,
1114 3542 1208 3584 omnes

121 3623 294 3683 conveniunt
306 3642 364 3682 non
378 3626 466 3683 teneri
480 3626 644 3702 conjugem,
659 3645 712 3684 neo
725 3644 812 3703 posse
826 3624 942 3683 reddere
956 3627 1018 3684 sine
1031 3626 1112 3703 gravi
1121 3624 1208 3700 culpat

122 3736 198 3793 tunc,
213 3743 280 3782 cum
300 3734 377 3783 actus
391 3725 427 3782 sit
447 3743 497 3802 per
519 3744 550 3783 se
568 3725 670 3793 malus,
685 3726 754 3785 alter
776 3726 880 3802 injuste
902 3727 982 3801 petit,
997 3744 1032 3782 eo
1055 3725 1133 3797 quod
1156 3741 1210 3781 nou

121 3824 206 3883 babet
214 3826 264 3902 jus
279 3817 441 3902 petendi.”³

160 3927 209 3981 94.
232 3924 265 3982 Si
278 3943 315 3982 ex
329 3934 408 4002 parte
428 3925 549 4000 petentis
563 3932 642 3982 aetus
657 3924 694 3982 sit
707 3923 833 3990 illicitus,
848 3943 865 3980 v
879 3942 886 3980 ε
901 3942 938 4000 g:
960 3921 1038 3995 quod
1056 3923 1211 3981 castitatem

120 4024 239 4090 voverit,
254 4023 383 4098 plerique
397 4024 495 4083 dieunt
507 4025 657 4102 conjugem
667 4022 785 4082 reddere
799 4040 887 4100 posse
900 4024 1041 4081 instanter
1054 4022 1173 4098 petenti,
1186 4019 1210 4076 si

153 4230 196 4294 (l)
217 4229 247 4281 C.
262 4230 387 4290 Quoniam
400 4234 497 4293 multos,
509 4233 595 4282 Causa.
607 4233 642 4282 xi.
654 4248 695 4296 qm
708 4235 731 4280 3.
936 4233 978 4299 (2)
998 4230 1028 4281 L.
1040 4231 1072 4280 vi.
1084 4245 1109 4280 n.
1121 4230 1178 4276 941.

527 4319 569 4382 (3)
587 4316 687 4376 lbidom,
702 4332 726 4366 n.
739 4315 797 4366 94³.
