2640 4860
465 347 523 407 DE
543 347 812 407 ABSOLUTION
815 349 852 408 E.
1148 356 1207 410 2⁰9

121 531 209 574 causae
223 515 350 593 cognitio
364 515 509 573 sententiae
522 514 666 590 praecedit,
680 514 788 575 dierum
803 532 1019 587 nonnumquam
1035 516 1201 578 intervallo:

121 625 147 672 et
170 615 199 673 iu
219 616 286 691 ipso
306 613 478 690 poenitentiae
504 614 635 672 tribunali
657 632 735 691 saepe
761 615 910 672 confitetur
931 614 1039 690 pluries
1062 619 1203 693 prenitens
1269 613 1274 622 “

121 721 268 786 antequam
283 711 458 771 absolutione
481 711 620 771 donetur:
643 712 694 770 sed
711 723 822 790 oportet
834 722 865 773 ut
878 713 981 791 judicii
996 716 1069 772 sacri
1089 717 1204 775 materia

120 820 179 869 actu
193 813 361 888 subjiciatur
373 811 499 869 clavibus
520 812 671 879 Ecclesiae,
685 822 717 869 ut
729 813 771 870 sic
785 812 876 870 forma
902 830 966 869 curn
987 814 1094 871 actibus
1115 816 1205 890 poeui·

119 912 199 968 tentis
214 913 264 983 qui
284 911 371 978 dolet,
385 918 414 968 et
430 911 590 978 confitetur,
604 921 633 969 et
651 912 811 969 satisfacere
829 911 977 988 promittit,
996 913 1201 989 conjungatur:

119 1010 216 1066 arctior
229 1012 317 1078 enim,
332 1010 373 1068 uti
392 1020 490 1068 monet
502 1011 534 1067 S.
556 1011 735 1086 Alphonsus,
750 1009 833 1073 debet
851 1028 916 1067 esse
936 1027 1027 1067 nexus
1049 1011 1122 1068 inter
1140 1031 1203 1070 seu·

119 1110 233 1166 tentiam
248 1119 277 1166 et
289 1127 381 1167 causae
398 1109 591 1186 cognitionem
605 1111 635 1167 iu
648 1127 730 1167 sacro
743 1108 799 1167 hoc
809 1110 931 1186 judicio.
963 1107 1108 1167 Oaetemm
1121 1109 1202 1168 facile

117 1208 264 1282 contingit,
278 1218 309 1266 ut
319 1207 503 1266 obliviscatur
516 1207 648 1266 sacerdos
659 1217 852 1283 peccatomm,
864 1226 926 1281 quas
936 1208 999 1264 an'tc
1009 1207 1201 1265 hebdomadas

116 1305 234 1377 aliquas,
256 1307 302 1364 vel
323 1324 448 1374 menses,
469 1309 611 1382 poenitens
632 1305 802 1375 declaravit;
831 1314 1003 1383 quapropter
1024 1306 1202 1365 cousuetudo

116 1403 174 1461 haec
189 1405 373 1480 protrahendi
382 1404 485 1482 judicii
495 1424 552 1462 non
564 1406 698 1463 omnibus
712 1405 854 1481 probatur.
897 1405 928 1461 Si
943 1405 1105 1463 recordetur
1115 1415 1201 1464 status

117 1502 288 1578 poenitentis,
299 1505 428 1576 quamvis
443 1504 620 1579 singulorum
641 1522 704 1576 quae
723 1505 866 1579 exposuit,
879 1523 936 1561 non
950 1504 1051 1561 habeat
1063 1505 1201 1572 notitiam,

115 1619 213 1659 omnes
223 1600 306 1659 facile
320 1601 480 1660 concedunt
492 1621 557 1660 eum
571 1601 780 1660 absolutionem
795 1602 861 1660 dare
875 1620 978 1678 posse:
994 1604 1068 1660 sicut
1080 1604 1165 1661 etiam
1175 1604 1201 1661 si

115 1699 277 1758 recordetur
302 1711 484 1776 peccatorum
506 1700 541 1759 ire
566 1700 703 1782 confuso,
725 1702 765 1758 uti
792 1703 879 1768 aiunt,
907 1702 1066 1778 generalem
1092 1702 1200 1759 habens

113 1816 210 1856 eorum
233 1800 372 1857 notitiam.
414 1800 447 1857 Si
461 1802 634 1877 poenitentiae
660 1800 833 1868 recordetur,
852 1800 898 1857 vel
920 1821 936 1856 a
958 1802 1111 1875 poenitente
1137 1802 1200 1878 ejus

114 1899 240 1957 notitiam
255 1899 399 1973 expiscari
412 1900 513 1974 possit,
528 1899 581 1957 hac
595 1900 703 1956 ratione
718 1918 783 1957 eum
799 1917 885 1976 posse
902 1898 1091 1957 sufficientem
1106 1917 1199 1956 causae

113 1997 305 2074 cognitionem
330 2007 395 2055 tunc
414 1997 517 2055 habere
543 1998 672 2074 plerique
697 2008 824 2066 censent,
840 2017 928 2071 quum
952 1998 1071 2073 singulis
1092 1999 1200 2056 vicibus

113 2096 325 2168 quodammodo
342 2096 524 2174 judicaverit,
539 2106 566 2153 et
586 2098 708 2155 remisso
722 2099 876 2174 poenitente
890 2097 924 2154 ad
938 2096 967 2153 id
983 2097 1118 2173 temporis
1133 2115 1198 2154 curn

112 2195 299 2254 absolutionis
328 2214 390 2272 spe,
418 2196 529 2255 dederit
554 2195 648 2254 locum
676 2196 788 2272 judicio
814 2194 999 2273 perficiendo.
1054 2194 1198 2253 Caeterum

111 2298 214 2371 saepius
243 2295 380 2372 contingit
400 2313 435 2352 ne
462 2294 578 2368 quidem
599 2296 771 2370 pmnitentiae
793 2296 932 2372 impositae
953 2295 1080 2353 notitiam
1102 2294 1200 2353 haberi

111 2393 252 2452 ullatenus
273 2412 377 2470 posse:
399 2412 457 2465 quo
478 2412 570 2451 rerum
593 2404 706 2461 eventu,
722 2403 790 2471 puto
814 2403 944 2470 oportere
966 2395 1047 2451 utin
1069 2395 1199 2471 graviora

110 2503 225 2566 peccata
245 2492 280 2549 ab
292 2494 390 2550 ultima
403 2491 607 2550 communione
621 2492 745 2549 admissa
759 2493 880 2564 inquirat
893 2491 928 2548 ad
939 2491 1124 2549 refricandam
1138 2511 1197 2550 me-

109 2593 241 2657 moriam,
269 2593 397 2662 quamvis
420 2610 492 2648 onus
519 2591 717 2668 gravissimum
745 2589 935 2647 confessionis
960 2589 1122 2664 repeteudoe
1149 2591 1198 2646 vix
1286 2628 1289 2633 -

110 2708 235 2762 unquam
244 2689 448 2766 imponendum
459 2691 505 2747 sit.
540 2699 559 2725 ‘⁴
571 2688 746 2756 Sacerdos,''
758 2690 849 2760 inquit
859 2689 891 2744 S.
902 2686 1082 2762 Alphonsus,
1099 2695 1118 2722 ‘⁶
1128 2687 1196 2745 dum

110 2788 280 2846 sententiam
301 2789 417 2864 profert,
432 2788 514 2846 debet
533 2789 683 2846 efformare
700 2787 853 2866 judicium,
869 2786 968 2843 saltem
983 2785 1018 2842 de
1039 2794 1111 2843 statu
1132 2805 1196 2844 con·

110 2887 236 2945 scientis
250 2882 463 2962 poenitentts.”¹

149 2989 218 3042 184.
241 2983 444 3045 Confessarius
452 3004 511 3043 non
525 2994 635 3043 tenetur
643 2985 678 3043 de
692 2985 812 3061 singulis
826 2982 949 3060 peccatis
957 2991 1064 3040 certum
1074 2981 1196 3040 formare

106 3084 257 3159 judicium,
268 3086 318 3143 scd
333 3093 439 3143 tantum
461 3085 495 3142 de
509 3085 601 3143 obviis
615 3094 643 3142 et
662 3077 794 3142 claris.”²
833 3081 978 3154 Equidem
995 3080 1119 3139 studium
1133 3082 1195 3158 ejus

110 3183 137 3240 iu
156 3202 192 3242 eo
215 3186 357 3260 praecipue
380 3184 545 3260 ponendum
566 3194 618 3252 est,
633 3191 664 3241 ut
679 3183 790 3261 judicet
811 3191 905 3240 utrum
930 3190 1106 3257 peccatorem
1129 3199 1195 3239 vere

111 3287 253 3358 poeniteat,
268 3293 296 3341 et
309 3302 370 3356 quae
384 3284 411 3341 ei
425 3283 599 3360 injungenda
612 3284 679 3350 sint,
694 3284 723 3340 in
738 3282 927 3340 admissorum
948 3281 1153 3357 expiationem,
1167 3290 1196 3339 et

111 3383 210 3440 animae
225 3382 392 3440 remedium.
426 3382 472 3441 De
486 3383 629 3460 plerisque
644 3381 854 3440 difficultatibus
869 3381 963 3454 aliqua
976 3381 1115 3441 dicemus.

390 3616 415 3691 §.
438 3615 477 3674 II.
520 3615 568 3673 Du
589 3632 751 3673 occasions
773 3633 910 3673 cuccari.

148 3787 215 3840 185.
245 3782 392 3859 Imprimis
411 3782 563 3842 dicendum
583 3793 627 3841 est
648 3782 683 3841 de
704 3781 900 3859 peccatoribus
922 3780 970 3851 qui
991 3781 1021 3837 in
1044 3779 1194 3835 occasione

109 3882 238 3954 proxima
257 3883 395 3956 peccandi
413 3892 567 3941 versantur.
614 3881 737 3940 Occasio
752 3879 869 3958 peccati
889 3878 991 3936 dicitur
1008 3874 1146 3949 quidquid
1160 3874 1195 3932 ad

109 3989 252 4050 peccatum
272 3980 368 4049 allicit,
382 3982 443 4039 sive
457 4001 493 4040 ex
511 3991 609 4039 natura
628 3999 689 4048 sua,
703 3981 763 4036 sive
777 3980 814 4037 ob
836 3975 983 4054 cujusdam
1004 3974 1193 4051 fragilitatem.

109 4074 263 4150 Quidquid,
278 4088 403 4156 spectata
416 4082 560 4139 communi
573 4079 724 4138 homiuum
738 4076 897 4153 fragilitate,
911 4074 1020 4150 pcccati
1034 4072 1193 4149 periculum

278 4276 320 4342 (l)
340 4273 370 4322 L.
381 4274 413 4324 vi.
424 4291 448 4327 n.
461 4278 518 4326 502.
762 4273 804 4337 (2)
823 4268 923 4328 Ibidem,
934 4282 959 4320 m
968 4267 1027 4320 499.

622 4354 657 4409 19
668 4354 684 4387 *
