2640 4860
443 310 884 495 *osstgmraomonu
1157 375 1212 431 ror

120 536 321 596 necessarium
345 544 389 594 est
406 535 435 593 in
457 534 560 594 animer
584 535 754 603 remedium,
769 533 851 594 debet
869 537 987 596 omniuo
1012 536 1133 614 injungi,
1148 557 1212 597 nam

84 640 89 649 '
124 636 212 694 saluti
235 635 378 712 imprimis
398 633 547 692 consulere
571 644 698 711 oportet:
720 643 748 692 et
760 634 948 694 inhumanum
968 645 1013 693 est
1031 636 1213 712 periclitanti,

124 736 213 793 etiam
227 752 293 794 cum
306 735 369 812 ejus
378 733 485 801 dolore,
500 751 558 792 uon
572 752 744 791 succurrere.
768 733 887 792 Nemini
902 743 996 793 tamen
1010 735 1217 813 injungendum

122 843 170 892 est
188 833 219 892 in
233 833 440 910 poenitentiam,
454 840 486 889 ut
506 833 676 910 religionem
691 831 884 911 ingrediatur:
900 852 944 891 res
968 835 1046 894 enim
1065 845 1110 893 est
1129 837 1215 894 nimis

127 930 217 992 ardua
237 950 324 1005 quarn
343 941 375 990 ut
392 932 479 1009 jussu
498 930 655 990 sacerdotIs
667 922 856 1010 floipiatuu
892 932 957 990 Neo
982 933 1048 991 licet
1067 935 1217 1012 injungere

125 1031 303 1091 matrimonii
316 1031 538 1109 susceptionem,
553 1049 640 1103 quum
655 1038 683 1088 et
692 1024 756 1091 hec
770 1032 858 1090 libera
868 1049 933 1089 esse
946 1026 1073 1089 debeat.1

171 1134 241 1188 104.
262 1130 334 1197 Quae
348 1132 379 1191 iu
390 1146 506 1211 perram
529 1140 709 1206 peccatorum
730 1133 873 1207 praecipue
888 1131 1083 1208 injunguntur,
1098 1140 1220 1208 possunt

127 1230 261 1308 graviora
274 1248 348 1298 esse,
362 1228 412 1288 rel'
419 1229 544 1298 leviora,
552 1234 638 1306 prout
650 1230 680 1287 in
694 1228 823 1311 Domipo
839 1229 1010 1308 judicaverit
1026 1230 1218 1289 confessarius

127 1328 266 1406 expedire
280 1330 310 1389 in
324 1330 427 1391 animm
437 1326 571 1389 nltflm.
589 1326 758 1410 ‚Equidem
777 1316 886 1389 scelera
899 1330 1069 1407 gravissima
1082 1330 1219 1406 poeniten·

127 1430 167 1486 tia
181 1409 336 1487 admodum
350 1446 450 1487 severe
461 1427 572 1506 expiari
582 1424 696 1496 debent,
718 1428 795 1501 quod
809 1448 845 1486 ex
859 1430 1014 1487 canonibus
1028 1429 1076 1503 qui
1090 1428 1222 1486 dicuntur

128 1527 340 1605 poenitentiales
366 1527 469 1601 liquet,
494 1525 544 1584 sed
571 1545 659 1598 quum
685 1528 856 1586 infirmitatis
877 1528 1007 1586 humanae
1032 1527 1163 1586 habenda
1182 1529 1220 1585 sit

128 1629 212 1696 ratio,
228 1636 342 1703 praestat
355 1637 385 1685 ut
397 1646 482 1703 poena
502 1627 626 1701 supersit
639 1625 752 1693 luenda,
767 1646 851 1698 quam
866 1637 897 1685 ut
909 1627 973 1699 quis
988 1629 1022 1684 ab
1037 1626 1146 1704 agenda
1160 1646 1219 1703 poe-

127 1727 248 1784 nitentia
261 1745 376 1802 prorsus
391 1727 587 1793 absterreatur‚
600 1725 718 1784 remedii
732 1725 905 1783 difficultate.
936 1726 1113 1804 Exemplum
1127 1727 1220 1802 Apos-

126 1825 179 1884 toli
194 1824 348 1885 Corinthio
361 1825 508 1902 poenitenti
524 1824 698 1901 indulgentis
709 1825 822 1883 veniam
832 1825 967 1901 proponit
976 1824 1218 1902 chrysostomum
1304 1891 1306 1895 Α

129 1924 211 1982 “Ex
225 1944 283 1999 quo
296 1923 365 1983 illud
388 1924 536 1991 discimus,
558 1942 615 1981 non
635 1943 672 1982 cx
693 1924 832 1983 scelerum
853 1933 960 1981 tantum
981 1933 1089 1991 natura,
1112 1923 1162 1981 sed
1183 1943 1221 1982 ex

128 2025 309 2101 peccantium
324 2025 409 2082 etiam
431 2024 526 2082 animo
546 2032 631 2095 atque
645 2022 793 2080 affectione
809 2022 989 2082 indicendam
1003 2041 1068 2080 esse
1081 2024 1221 2101 preniten-

130 2125 211 2190 tiam,
229 2133 261 2181 ut
282 2131 341 2180 tum
361 2123 428 2181 fecit
447 2122 614 2198 Apostolus,
626 2122 703 2195 quod
717 2122 807 2198 ipsius
822 2122 1040 2181 imbecillitatem
1054 2123 1223 2182 extimesce-

129 2215 224 2281 ret.”²
243 2222 334 2298 Igitur
346 2222 537 2281 confessarius
551 2223 655 2297 poterit
666 2220 841 2299 indulgentia
853 2223 894 2280 uti
907 2223 937 2281 in
951 2242 1036 2299 poena
1049 2222 1221 2292 definienda,

131 2323 157 2380 si
172 2320 229 2379 hoc
250 2330 334 2399 pacto
357 2323 498 2398 poenitens
522 2319 649 2379 videatur
669 2323 791 2380 inbono
812 2324 961 2405 proposito
983 2323 1150 2391 firmandus,
1174 2324 1223 2395 qui

131 2422 272 2497 deinceps
286 2422 316 2479 in
331 2421 375 2477 via
387 2421 497 2478 virtutis
511 2419 665 2495 proficiens
680 2429 795 2497 peccata
808 2441 825 2492 a
837 2440 869 2479 se
883 2420 1008 2480 admissa
1023 2422 1224 2481 verosimiliter

132 2522 259 2598 planget,
274 2529 302 2576 et
315 2521 421 2596 puniet.
464 2518 628 2577 Moneudus
651 2519 757 2577 ideirco
777 2520 830 2575 erit
842 2528 873 2577 ut
886 2527 1066 2595 peccatorum
1087 2519 1226 2595 ponderet

131 2621 310 2698 gravitatem,
325 2628 353 2676 et
366 2618 490 2676 divinam
512 2619 542 2674 in
562 2636 594 2674 se
618 2617 843 2676 misericordiam
867 2619 993 2684 miretur,
1008 2627 1037 2674 et
1049 2619 1224 2694 poenitentiae

132 2720 242 2777 donum
256 2718 349 2776 enixis
363 2718 493 2794 precibus
508 2736 524 2772 a
538 2716 664 2776 Domino
679 2717 820 2793 imploret.
862 2717 975 2784 Quanta
988 2727 1081 2774 autem
1096 2734 1182 2792 poena
1195 2718 1225 2774 in

132 2818 293 2876 canonibus
307 2816 545 2894 poenitentialibus
559 2815 629 2874 olim
643 2817 728 2874 suerit
740 2816 865 2892 peccatis
879 2815 1055 2892 gravioribus
1070 2814 1192 2883 decreta,
1209 2835 1226 2872 a

132 2916 311 2979 confessario
325 2925 485 2992 opportune
499 2914 702 2991 explicandum
715 2916 776 2972 erit.
807 2915 913 2982 “Quia
926 2933 1017 2991 poenae
1032 2913 1225 2971 satisfactorias

133 3015 299 3094 infligendae
314 3014 464 3074 medicinae
488 3014 586 3082 sunt,’'
601 3015 800 3073 animadvertit
813 3014 846 3072 S.
862 3014 1002 3079 Thomas,
1019 3021 1038 3048 ‘⁴
1048 3014 1123 3071 sicut
1137 3011 1225 3071 medi-

133 3116 208 3177 eina
232 3116 261 3173 in
288 3125 346 3172 arte
366 3113 558 3173 determinata
579 3133 637 3173 non
657 3115 789 3172 omnibus
813 3122 987 3190 competunt,
1009 3112 1061 3170 sed
1086 3112 1226 3170 variandae

136 3226 214 3282 sunt,
229 3213 387 3272 secuudum
401 3201 672 3280 arbitriummediei,
690 3233 748 3272 non
761 3215 905 3289 propriam
918 3213 1092 3271 voluntatem
1107 3230 1228 3285 sequen·

136 3317 183 3383 tis,
197 3313 249 3372 sed
264 3314 414 3372 scientiam
429 3312 599 3381 medicinae;
621 3313 660 3370 ita
672 3331 764 3389 poenae
785 3313 980 3372 satisfactoria
1004 3313 1033 3370 in
1055 3331 1166 3370 canone
1179 3312 1227 3371 de·

137 3414 293 3473 terminato
312 3432 370 3471 nou
393 3421 560 3489 competunt
579 3413 722 3478 omnibus,
744 3411 795 3470 sed
817 3413 955 3472 variandae
978 3423 1045 3470 sunt
1070 3412 1228 3471 secundum

97 3574 102 3581 ,
136 3513 286 3572 arbitrium
299 3511 452 3570 sacerdotis
466 3511 565 3569 divino
578 3511 711 3570 instinctu
726 3513 894 3588 regulatum.
922 3513 1005 3570 Siout
1018 3530 1085 3589 ergo
1100 3512 1229 3570 medicus

138 3611 293 3686 aliquando
306 3611 460 3687 prudenter
472 3630 531 3670 uon
544 3609 591 3668 dat
604 3611 775 3669 medicinam
789 3612 827 3669 ita
840 3611 997 3678 efficacem,
1012 3630 1075 3683 quae
1090 3610 1126 3668 ad
1140 3610 1231 3668 morbi

137 3712 314 3771 curationem
328 3711 462 3778 sufficiat,
477 3729 513 3769 ne
527 3719 645 3788 propter
657 3710 829 3768 debilitatem
845 3720 949 3769 naturae
964 3710 1056 3784 majus
1071 3708 1232 3784 perieulum

137 3812 261 3873 oriatur:
284 3811 323 3868 ita
335 3810 467 3869 sacerdos
480 3810 577 3868 divino
591 3810 725 3868 instinctu
747 3819 841 3867 motus
861 3827 918 3866 non
940 3824 1053 3882 semper
1073 3815 1160 3863 totam
1174 3823 1233 3881 poe·

176 3972 218 4036 (1)
239 3969 349 4034 S.Alph.
361 3971 377 4022 l.
388 3971 420 4020 vi
432 3987 458 4020 n.
470 3973 527 4020 511.
926 4031 929 4036 Δ

177 4058 221 4122 (2)
239 4055 271 4104 In
281 4055 330 4119 Ep.
341 4055 366 4107 ii.
379 4055 410 4105 ad
422 4055 478 4107 Gor.
487 4057 553 4106 hom.
564 4055 596 4105 iv.
609 4071 634 4105 n.
668 4065 682 4090 “
691 4060 747 4118 ὅθεν
764 4052 924 4124 perborum,
942 4055 983 4105 det
1000 4056 1013 4105 ri
1031 4049 1070 4104 δεῖ
1089 4051 1160 4119 μόνον
1178 4055 1236 4119 πρὸς

142 4144 186 4212 τὴν
206 4142 276 4209 φύσιν
296 4146 346 4195 τῶν
365 4140 555 4212 ἃμωτημᾶκτων,
578 4141 640 4195 ἀλλὰ
663 4145 704 4196 καὶ
725 4147 782 4210 πρὸς
804 4141 850 4210 τὴν
865 4138 969 4192 διάνοιαν
990 4137 1034 4192 κὰι
1051 4153 1097 4207 την
1118 4137 1166 4199 ἳξιν
1187 4154 1236 4192 των

143 4230 326 4300 &morereretur
343 4234 388 4300 τὴν
406 4230 535 4299 μετάνοιαν
552 4229 648 4300 ὁρίζειν·
667 4237 680 4285 d
700 4232 741 4284 καὶ
763 4231 821 4284 τότε
840 4231 853 4283 d
871 4227 987 4293 ἀποςολος
1004 4224 1110 4305 ἐποίησε·
1129 4227 1171 4280 καὶ
1190 4225 1235 4298 γᾶρ

146 4319 259 4387 lpoflrlio
269 4318 331 4372 doct}
341 4323 372 4373 τὸ
380 4317 486 4382 &obruisse

185 4418 262 4478 Vor..
277 4415 415 4477 {IL-tr
