2640 4860
293 322 547 453 uutuusuun
566 372 910 435 nusunvrumnn
1083 383 1144 440 eoa

46 535 139 598 fuerit
152 540 373 600 mservatiomm
386 539 501 599 nonnisi
514 549 689 601 sacramento
699 541 870 601 conferendo
880 542 989 602 tollere.
1010 544 1146 606 Attamen

50 640 196 699 contrarie
208 639 330 699 aliomm
343 639 483 705 sententia
502 641 594 716 magis
616 640 752 717 probatur
770 641 803 698 S.
818 641 980 718 Alpbouso,
1001 662 1066 703 uam
1081 647 1147 705 finis

49 738 255 797 reservationis
263 740 327 817 jam
340 739 471 798 obtentus
484 748 536 806 est,
550 748 582 796 ut
594 748 710 816 peccata
728 739 840 815 judicio
852 742 1009 818 superioris
1022 746 1145 822 subjice-

57 845 168 907 rentur,
182 837 261 911 quod
274 838 412 915 contingit
420 839 505 897 etiam
525 836 592 896 dum
612 837 645 894 fit
657 837 801 896 confessio
814 839 900 908 nulla,
913 841 959 899 vel
972 842 1145 921 sacrilegia.¹

53 935 118 995 Sed
131 936 157 993 si
170 938 302 1014 superior
313 938 386 1015 ipse,
406 936 503 996 audito
516 946 632 1013 peccato
645 948 798 1005 reservato,
812 939 951 997 remiserit
963 943 1146 1016 penitentem

52 1035 92 1095 ad
105 1035 283 1095 sacerdotem
293 1035 391 1104 ulium,
405 1045 536 1095 censetur
546 1039 767 1095 reservationem
781 1037 941 1107 sustulisse,
953 1048 985 1096 ut
997 1040 1067 1098 alter
1079 1061 1145 1102 eum

56 1135 207 1193 absolvere
220 1135 320 1194 valeat.
349 1136 466 1213 Negant
479 1135 606 1212 plerique
619 1135 649 1194 id
662 1136 759 1205 licere,
774 1155 862 1209 quum
876 1147 993 1214 peccata
1006 1151 1147 1200 reservata

54 1252 116 1292 nou
137 1234 195 1292 sint
217 1243 297 1293 extra
315 1243 524 1293 sacramentum
547 1234 686 1293 tollenda:
709 1235 786 1308 quod
806 1236 855 1293 ubi
875 1237 966 1313 agitur
986 1237 1147 1298 deensibus

53 1332 177 1392 occultis
191 1334 279 1411 Papae
291 1336 453 1402 reservatis,
474 1335 504 1391 iu
518 1351 590 1406 quos
604 1335 674 1392 nihil
690 1344 784 1412 potest
802 1337 957 1414 episcopus
972 1338 1028 1395 nisi
1041 1339 1070 1395 in
1085 1339 1148 1398 loro

54 1433 264 1519 sacramentali,
285 1432 396 1491 videtur
417 1433 617 1491 verissimum:
638 1433 689 1491 sed
709 1437 759 1493 ubi
778 1437 932 1494 reservatio
945 1436 980 1494 ab
994 1437 1058 1513 ipso
1072 1440 1148 1515 epis·

54 1550 133 1608 copo
157 1533 314 1609 proveniat,
337 1533 437 1591 nescio
458 1531 527 1605 quid
547 1532 649 1599 obstet,
671 1542 702 1591 ut
725 1534 802 1592 tollat
823 1536 1047 1594 reservationem
1069 1547 1149 1595 extra

55 1639 279 1699 sacramentum,
299 1630 430 1690 facultate
443 1630 609 1690 confessarii
631 1631 720 1690 libera
733 1633 928 1705 relinquenda.
970 1634 1003 1694 S.
1018 1636 1148 1713 Alphen-

57 1749 111 1788 sus
125 1731 167 1788 sic
179 1731 323 1803 loquitur:
346 1739 366 1768 ¹⁴
375 1730 434 1788 Alii
446 1729 544 1788 dicunt
553 1730 583 1788 id
591 1739 698 1790 tantum
709 1732 795 1790 licere
803 1733 832 1791 in
844 1752 911 1791 casu
919 1735 1013 1810 gravis
1024 1737 1149 1793 necessi·

57 1830 135 1897 tatis,
149 1839 216 1906 puta
228 1831 253 1888 si
267 1831 399 1905 superior
410 1848 469 1888 non
481 1838 580 1906 posset
601 1849 633 1887 se
653 1832 791 1908 expedire
812 1833 846 1890 ab
867 1833 962 1905 aliquo
975 1836 1148 1910 gravissimo

56 1929 188 2005 negotio,
201 1938 232 1987 et
243 1937 350 1998 contra,
364 1929 556 1988 necessarium
572 1929 715 2006 judicaret
736 1931 924 2006 personaliter
937 1931 1033 1991 audire
1051 1952 1150 2010 pecca·

57 2038 120 2086 mm
144 2037 329 2087 reservatum.
371 2028 463 2102 quue
489 2027 641 2087 admittunt
659 2030 753 2107 Lugo‚
776 2028 878 2098 Croix,
904 2040 932 2088 et
951 2029 1056 2090 Palaus
1082 2050 1148 2090 cum

57 2126 405 2198 Vaequezet-Coninch:
426 2126 478 2185 sed
497 2128 526 2185 in
540 2146 607 2185 casu
628 2130 785 2198 rarissimo,
807 2129 902 2189 addito
916 2129 993 2203 quod
1006 2133 1148 2208 poenitens

57 2234 139 2284 esset
151 2227 182 2287 itt
193 2228 363 2311 presiate
377 2226 617 2295 communicandi,
638 2241 667 2286 et
682 2230 771 2287 nollet
783 2229 883 2288 eadem
896 2239 1012 2305 peccata
1024 2231 1068 2288 bis
1082 2249 1150 2291 con·

58 2325 145 2384 fiteri.
187 2322 256 2385 nee
267 2326 400 2386 ultimum
413 2345 471 2385 uon
484 2325 595 2384 videtur
608 2326 802 2404 improbabile,
816 2330 911 2406 posito
929 2348 995 2388 oum
1015 2331 1149 2390 omnibus

58 2425 106 2484 his
119 2419 379 2484 conditionibus.’'²
418 2425 491 2483 Haec
514 2425 699 2502 intelligenda
719 2428 849 2486 videntur
869 2429 954 2486 etiam
974 2427 1010 2486 de
1029 2441 1148 2506 peceato

58 2523 246 2601 abepiscopo
259 2534 412 2591 reservato,
427 2524 541 2597 quando
553 2525 694 2600 poenitens
707 2544 827 2585 necesse
840 2526 925 2584 habet
936 2537 1147 2586 sacramentum

60 2624 199 2699 recipere,
221 2632 250 2681 et
274 2624 372 2697 nequit
389 2624 496 2696 absque
517 2623 688 2700 gravissimo
708 2624 891 2682 incommodo
913 2634 1029 2701 peccata
1049 2628 1146 2684 omnia

59 2723 204 2800 superiori
217 2720 331 2781 referre.

103 2824 172 2881 165.
194 2821 252 2888 Qui
265 2821 410 2881 absolutus
431 2831 475 2879 est
495 2820 640 2881 indirecte
661 2842 678 2880 a
699 2821 874 2880 confessario
894 2821 931 2879 ob
951 2840 1065 2899 gravem
1086 2843 1150 2882 cau·

60 2940 134 2988 sam,
148 2929 259 2979 tenetur
272 2921 407 2997 deinceps
430 2939 461 2979 se
475 2931 647 2998 prasentare
669 2923 817 2998 episcopo,
838 2939 926 2994 quum
946 2928 1026 2978 extra
1049 2924 1148 2981 mortis

61 3020 210 3079 articulum
223 3020 384 3079 sacerdotes
404 3019 478 3079 nihil
492 3022 604 3096 possint
623 3022 652 3079 in
676 3039 761 3078 casus
784 3038 856 3093 quos
870 3020 1025 3096 epiecopus
1039 3022 1093 3078 sibi
1105 3040 1149 3079 re·

61 3120 235 3188 servaverit;
257 3119 379 3193 ideoque
404 3119 538 3196 obligatio
564 3138 596 3177 se
621 3119 810 3197 presentandi
836 3138 977 3195 suspensa
1001 3121 1047 3187 sit,
1075 3120 1152 3179 haud

61 3218 181 3277 sublata.
224 3217 345 3278 Direote
366 3227 460 3276 tamen
482 3217 604 3276 absolvit
624 3219 776 3295 episcopus
797 3218 950 3296 impeditos
964 3218 1040 3277 adire
1054 3219 1153 3278 Ponti·

60 3318 157 3385 ficem,
172 3326 201 3375 et
212 3318 357 3386 sacerdos,
379 3318 406 3375 si
425 3318 579 3393 episcopus
600 3317 670 3375 adiri
691 3319 799 3391 nequit,
820 3319 873 3376 sub
885 3336 972 3376 onere
985 3337 1016 3377 se
1029 3338 1153 3395 praesen·

59 3416 138 3476 tandi
151 3426 281 3476 cessante
295 3415 517 3494 impedimento:
533 3417 610 3489 quod
624 3418 649 3474 si
662 3428 832 3495 perpetuum
845 3417 938 3486 fuerit,
951 3420 1070 3478 omnino
1083 3420 1151 3478 libe-

60 3525 166 3575 rantur.
556 3533 558 3538 ·

104 3618 172 3673 166.
194 3615 260 3674 Etsi
273 3615 405 3692 superior
417 3614 521 3693 injuste
535 3614 656 3691 deneget
668 3615 830 3675 facultatem
850 3616 1015 3675 absolvendi
1029 3637 1046 3674 a
1058 3635 1149 3674 reser-

61 3716 145 3782 vatis,
160 3714 233 3772 nihil
245 3724 341 3791 potest
353 3714 382 3773 iu
396 3732 430 3772 ea
449 3714 593 3781 sacerdos,
608 3715 675 3786 quia
687 3725 746 3772 tum
757 3717 786 3773 in
807 3715 997 3772 reservatione
1011 3714 1151 3780 facienda,

60 3824 122 3872 tum
135 3815 166 3871 in
187 3832 220 3871 ea
239 3815 317 3873 haud
337 3813 472 3883 tollenda,
486 3814 572 3873 utitur
587 3813 653 3888 jure
672 3831 741 3872 suo:
763 3823 864 3889 peccat
883 3821 976 3870 tamen
998 3813 1152 3888 episeopus

59 3912 208 3972 duriorem
228 3932 260 3972 se
280 3913 420 3972 exhibens
433 3931 498 3973 cum
519 3913 677 3971 animarum
697 3911 812 3978 damno,
826 3911 982 3987 presertim
995 3911 1021 3967 si
1040 3911 1153 3968 noverit
1212 3942 1217 3949 ·

60 4013 247 4090 poenitentem
262 4013 421 4071 nullatenus
435 4012 531 4071 induci
545 4030 631 4089 posse
643 4010 678 4068 ad
690 4029 756 4069 eum
770 4007 941 4067 adeundum.

104 4115 171 4172 167.
195 4112 371 4186 Plerumque
391 4129 449 4170 uon
467 4112 584 4189 expedit
597 4120 628 4169 ut
647 4109 837 4168 confessarius
858 4107 912 4164 sibi
934 4116 1060 4164 assumat
1079 4126 1152 4166 onus

170 4329 213 4396 (l)
233 4328 347 4393 sulpit.
359 4330 452 4380 lein.
465 4331 523 4378 598.
788 4327 831 4392 (2)
849 4325 984 4385 Ibidemn.
997 4327 1055 4375 595.
