2640 4860
443 958 794 1072 A'PPENDIX
847 997 876 1070 1.

480 1180 505 1231 h*

547 1227 791 1242 -αι

457 1402 513 1462 DE
535 1401 858 1462 INDULGENTIIS.

147 1603 217 1658 249.
241 1598 287 1655 De
307 1598 490 1678 indulgentiis
512 1600 583 1658 alibs
598 1601 719 1676 egimus,
733 1610 762 1657 et
775 1608 943 1677 potestatem
957 1621 1005 1660 eas
1025 1602 1200 1660 concedendi

109 1692 349 1757 vindicavimusr¹
372 1700 423 1758 sed
444 1701 525 1777 plura
545 1699 579 1757 de
606 1701 641 1756 iis
664 1710 780 1758 manent
799 1699 928 1768 dicenda,
944 1719 1007 1774 quae
1034 1701 1068 1759 ad
1088 1703 1199 1776 praxim

108 1799 262 1875 pertinent.
304 1795 503 1877 Indulgentiae
524 1799 627 1857 dicitur
646 1800 793 1876 potestatis
807 1799 1004 1858 ecclesiasticae
1018 1810 1098 1858 extra
1110 1819 1202 1858 sacra·

109 1908 239 1957 montona
252 1899 431 1968 exercitium,
446 1917 504 1973 quo
518 1918 659 1957 canonum
674 1899 845 1974 poenitentiae
859 1900 936 1975 rigor
948 1900 1097 1966 relaxatur,
1109 1918 1200 1975 poenae

109 1997 234 2074 peccatis
250 1997 312 2074 jam
325 1999 452 2057 remissis
466 1998 568 2057 debitae
591 2016 726 2056 concessa
745 1999 925 2057 remissione.
968 1999 1016 2057 Fit
1034 2000 1063 2057 vi
1077 1999 1200 2057 clavium

110 2106 138 2155 et
149 2095 280 2154 solvendi
295 2099 451 2172 potestatis,
461 2118 477 2155 a
488 2096 607 2167 Christo
615 2098 713 2166 Petro,
728 2107 756 2155 et
766 2099 875 2156 caeteris
884 2098 1033 2175 Apostolis
1043 2116 1200 2166 concessas,

110 2194 302 2255 satisfactione
327 2192 393 2257 Deo
419 2197 512 2256 oblata
537 2215 574 2255 ex
600 2197 740 2255 Ecclesiae
772 2198 914 2266 thesauro,
941 2198 1060 2258 infinitis
1092 2197 1203 2256 scilicet

112 2292 223 2355 Obruti
245 2296 364 2364 meritis,
378 2297 490 2370 quibus,
505 2296 541 2354 ad
560 2297 705 2355 cumulum
727 2297 826 2363 veluti,
837 2290 1030 2385 adjungpntur
1042 2308 1204 2357 sanctorum

111 2395 195 2452 etiam
210 2412 307 2469 opera,
322 2406 460 2467 quatenus
474 2396 596 2472 poenalia
605 2407 680 2454 sunt.
713 2386 1048 2485 Plenun‘m'gentia
1061 2409 1105 2456 est
1114 2398 1200 2456 totius

110 2511 201 2570 poenae
227 2495 352 2568 peccatis
378 2496 479 2554 debitae
513 2496 664 2563 remissio;
681 2494 828 2573 partialis
852 2488 972 2557 istim
996 2515 1060 2569 quae
1092 2505 1201 2572 partem

111 2601 219 2651 tantum
234 2610 324 2667 poenae
338 2596 463 2662 remittit,
477 2614 504 2651 v:
520 2614 548 2672 g:
566 2606 676 2671 septem
690 2613 779 2652 annos
793 2590 965 2670 poenita'ntiae
980 2597 1065 2672 Juxta
1078 2603 1202 2652 veterem

109 2688 290 2769 disciplinam
308 2694 495 2771 peragendos.
528 2695 562 2753 ln
586 2694 787 2771 diplomatibus
809 2693 955 2751 nonnullis
975 2693 1117 2751 veteribus
1137 2711 1198 2751 om·

109 2786 190 2851 niuin
216 2803 397 2867 peccatorum
423 2794 554 2852 remissio
580 2793 752 2860 conceditur,
780 2792 857 2865 quod
887 2791 923 2850 de
957 2809 1048 2867 poenae
1073 2791 1201 2867 plenaria

109 2891 280 2951 remissione
294 2891 419 2970 theologi
431 2911 531 2952 omnes
545 2891 762 2970 intelligendum
783 2900 957 2968 agnoscunt:
980 2892 1010 2949 in
1029 2890 1092 2948 aliis
1113 2892 1200 2948 tertia
1250 2924 1267 2966 «κ,

109 2989 155 3049 vel
166 3000 273 3065 quartae
287 2993 374 3068 partis
394 3004 574 3068 peccatorum
595 2992 725 3050 remissio
739 2991 830 3058 datur,
842 2990 919 3063 quod
941 2989 975 3046 de
998 2989 1201 3066 poenitentiaea
1278 2992 1285 3002 “

110 3091 267 3149 canonibus
293 3093 464 3169 praescriptae
490 3093 519 3149 in
546 3102 725 3168 peccatorum
754 3108 869 3166 poenam
897 3090 1077 3157 remissione,
1105 3088 1200 3161 quoad

111 3191 231 3257 tertiam,
248 3190 294 3248 vel
320 3202 447 3262 quartam
469 3200 586 3266 partem,
608 3193 712 3268 pariter
731 3188 902 3266 intelligunt.
944 3188 1127 3266 indulgentia
1147 3207 1199 3265 per

110 3288 232 3349 modum
242 3289 429 3349 absolutionis
440 3290 606 3348 conceditur
619 3290 762 3357 fidelibus,
776 3298 873 3366 utpote
888 3290 936 3361 qui
951 3289 1092 3348 Ecclesia
1106 3298 1200 3366 potes-

110 3389 158 3446 tati
171 3386 340 3465 subjacent:
361 3404 413 3467 per
425 3388 543 3448 modum
557 3387 622 3446 verd
647 3388 807 3447 solutionis
824 3389 984 3466 applicatur
1002 3388 1155 3456 demseris,
1171 3391 1202 3446 in

111 3485 279 3562 Purgatorio
293 3487 424 3557 detentis,
439 3487 587 3566 suffragii
600 3489 699 3556 instar,
714 3488 790 3561 quod
805 3489 907 3546 emittit
919 3488 1201 3567 Ecclcsistpsetium

110 3584 318 3663 redemptionis
346 3597 459 3656 nostrae,
474 3597 503 3645 et
524 3596 686 3645 sanctorum
710 3589 809 3646 merita
834 3587 899 3646 Deo
918 3587 1045 3649 offerens
1064 3587 1100 3647 in.
1115 3587 1200 3644 delic-

97 3696 206 3773 ¹'torum
231 3695 393 3761 nostrorum
423 3686 661 3744 satisfactionem:
689 3705 742 3745 nec
771 3687 848 3743 enim
874 3685 959 3743 habet
990 3687 1019 3743 in
1052 3685 1202 3743 defunctos

112 3772 293 3861 potestatem.

149 3886 223 3945 260.
237 3882 286 3945 tlt
297 3884 389 3941 valeat
399 3883 590 3963 indulgentia,
604 3902 690 3943 causa
709 3902 790 3957 aequa
802 3893 831 3938 et
842 3883 890 3957 pia
910 3881 1069 3953 requiritur,
1083 3896 1200 3955 propor-

110 3984 219 4043 tionem
232 3980 340 4043 habens
353 4002 420 4043 cum
439 3985 496 4042 fine
510 3985 560 4056 qui
573 3984 758 4061 proponitur:
782 3980 832 4037 sed
854 3999 912 4038 non
931 3979 1056 4054 exigitur
1075 3987 1106 4036 ut
1127 3995 1200 4053 opus

108 4083 272 4161 injunctum
299 4083 336 4140 sit
355 4083 437 4141 valde
464 4083 595 4143 arduum.
637 4083 688 4139 Sic
712 4079 877 4157 nuperrime
898 4078 1043 4136 concessit
1068 4076 1203 4136 Pontifex

361 4287 404 4352 (¹)
423 4285 510 4364 Tbeol.
521 4284 610 4348 vogn.
622 4284 668 4333 vol.
680 4283 714 4333 iii.
725 4286 794 4335 tran»
803 4280 855 4333 xiii
867 4295 890 4346 p.
903 4283 960 4330 ³77.

152 4382 233 4442 Vos.
247 4381 387 4442 lit-aa
778 4388 786 4401 ·
