2640 4860
483 387 629 447 cinna
649 386 831 447 numum
1139 394 1197 451 arr
1219 477 1222 483 Ι

109 555 252 612 sententia
272 553 429 613 dicentium
448 553 628 632 evangelium
650 554 811 612 necessario
836 551 1002 612 tradendum
1023 571 1098 622 esse,
1125 553 1200 613 hand

111 653 224 723 absque
236 654 316 727 gravi
329 659 447 729 peccato
461 655 647 711 omitteretur.
1031 643 1042 661 ‘

151 755 181 809 7.
202 749 326 809 Materia
339 751 550 828 presbyteratus
564 751 748 810 videturesse
762 767 910 807 camenus
924 751 1082 827 impositio,
1094 769 1156 824 que
1170 751 1202 808 iit

110 848 182 907 dum
208 849 335 924 praefatio
357 850 499 918 recitatur,
526 850 663 925 episcopo
689 847 835 907 dexteram
861 867 978 907 manum
1004 868 1090 925 supra
1115 859 1202 926 eaput

108 946 260 1005 ordinandi
277 957 401 1016 tenente,
424 958 452 1005 et
473 947 676 1015 sacerdotibus,
691 947 740 1019 qui
756 946 876 1015 adstant,
901 949 1003 1023 pariter
1022 949 1199 1008 tenentibus:

109 1045 251 1104 solemnis
266 1056 359 1106 autem
372 1047 421 1105 illa
434 1049 559 1124 precatio
567 1046 658 1105 forma
671 1045 791 1104 videtur.
834 1045 979 1118 Equidem
994 1064 1056 1119 quoe
1068 1046 1201 1122 praecedit

109 1162 252 1203 manuum
265 1145 413 1222 impositio
426 1145 504 1202 nulia
516 1146 602 1203 verba
622 1146 775 1223 conjuncta
794 1145 895 1202 habet:
917 1164 981 1218 qum
994 1145 1027 1202 fit
1039 1146 1093 1202 sub
1112 1146 1200 1204 finem

107 1243 221 1311 Missae,
232 1240 352 1302 dicendo
364 1264 371 1301 ε
395 1245 534 1320 “Accipe
546 1245 685 1320 Spiritum
696 1244 842 1311 Sanctum,
852 1244 941 1313 etc.,“
954 1262 1019 1302 eum
1035 1245 1096 1321 jam
1109 1262 1201 1302 sacer·

111 1342 193 1399 dotio
215 1342 381 1419 insignitum
396 1342 491 1411 habet,
506 1362 594 1416 quum
608 1351 723 1400 vocetur
736 1343 842 1419 passim
857 1343 1010 1409 ordinatus,
1024 1351 1052 1400 et
1064 1361 1121 1400 uua
1133 1361 1198 1402 curn

109 1440 249 1515 episcopo
262 1460 430 1499 consecrare
449 1450 607 1500 censeatur.
649 1441 905 1499 Instrurnentorum
919 1451 1010 1499 autem
1026 1440 1137 1499 traditio
1151 1443 1200 1501 vix

110 1538 210 1595 haberi
223 1549 319 1614 potest
336 1541 464 1608 materia,
479 1541 536 1598 nisi
548 1541 606 1599 lato
626 1540 750 1611 quodam
772 1558 869 1608 sensu,
884 1548 968 1616 prout
980 1539 1010 1597 iu
1022 1538 1135 1599 decreto
1147 1560 1200 1618 pro

110 1638 247 1694 Armenio
260 1648 394 1716 usurpata
406 1638 526 1707 videtur,
542 1657 630 1712 quum
643 1657 701 1696 non
715 1639 892 1696 consueverit
905 1639 967 1696 fieri
980 1636 1055 1715 apud
1070 1638 1199 1707 Graecos,

111 1745 142 1792 et
163 1735 240 1811 apud
261 1737 379 1796 Latinos
401 1736 479 1796 haud
499 1747 562 1795 ante
582 1737 718 1795 saeculum
740 1755 858 1804 nonum,
874 1736 918 1794 vel
938 1746 1071 1796 octavum
1086 1737 1201 1797 inducta

110 1827 267 1891 credatur.1
307 1837 449 1894 Praeterea
458 1838 487 1895 in
497 1836 642 1912 Scriptura
652 1853 786 1894 manuum
797 1835 979 1911 impositione
989 1845 1199 1913 sacrapotestas

109 1950 226 2008 semper
240 1933 337 1992 tradita
357 1934 485 1992 refertur.
527 1934 598 2001 Quae
620 1936 704 2010 igitur
724 1933 854 1991 dicuntur
867 1936 953 1992 verba
966 1933 1035 1993 dum
1056 1933 1201 1993 traduntur

111 2031 316 2090 instrumenta:
340 2034 479 2109 “Accipe
493 2042 659 2109 potestatem
674 2033 814 2091 offerendi
824 2034 995 2091 sacrificium
1010 2033 1084 2101 Deo,
1099 2042 1153 2090 etc.
1168 2033 1199 2100 ;’'

111 2139 141 2186 et
153 2128 220 2188 dum
242 2150 343 2190 manus
357 2131 455 2190 ultimd
476 2132 678 2208 imponuntur:
701 2133 840 2207 “Accipe
861 2132 1000 2208 Spiritum
1020 2132 1156 2190 Sanctum
1168 2131 1198 2198 ;''

111 2228 259 2302 explicant
285 2239 452 2306 potestatem
481 2231 543 2307 jam
569 2229 663 2288 datam
689 2231 814 2288 secunda
839 2249 975 2289 manuum
1001 2231 1195 2307 impositione.

112 2325 258 2386 Caetemm
279 2347 365 2400 quum
393 2331 440 2388 alii
460 2328 536 2386 aliud
561 2330 723 2405 opinentur,
744 2348 830 2405 grave
849 2329 923 2388 foret
947 2339 1095 2406 peccatum
1115 2332 1199 2389 ritum

110 2428 308 2503 praescriptum
335 2429 429 2500 aliqua
453 2446 491 2486 ex
516 2435 594 2503 parte
619 2428 759 2495 omittere,
780 2427 873 2485 valore
894 2427 1022 2504 ejusdem
1040 2429 1199 2488 discrimini

110 2527 371 2602 temerccxposito.
400 2526 578 2584 “Ordinatio
588 2525 660 2588 sacta
669 2527 732 2584 sine
740 2525 865 2584 secunda
874 2544 1008 2583 manuum
1017 2525 1200 2602 impositione

112 2633 170 2682 tota
183 2625 336 2701 repetenda
349 2635 402 2694 est,
416 2636 447 2684 ut
459 2627 544 2684 etiarn
559 2623 710 2682 declaravit
723 2625 754 2681 S.
768 2623 960 2699 congregatio
974 2623 1049 2697 apud
1062 2623 1200 2682 Benedic-

111 2732 173 2782 tnm
194 2719 297 2781 xlv.2
336 2724 431 2792 Ratio,
446 2725 514 2797 quia
527 2723 576 2796 qui
593 2742 651 2781 uon
672 2724 776 2799 accipit
794 2730 962 2799 potestatem
979 2738 1065 2798 supra
1084 2720 1198 2798 Corpus

111 2820 223 2879 Christi
236 2840 345 2891 verum,
360 2841 413 2881 nec
426 2825 511 2883 etiam
531 2822 621 2899 potuit
641 2840 776 2898 accepere
796 2829 964 2897 potestatem
976 2837 1063 2896 supra
1083 2818 1198 2895 Corpus

111 2919 224 2979 Christi
238 2923 404 2997 mysticum.
446 2923 480 2979 Si
492 2919 559 2980 verd
580 2920 730 2979 Ordinatio
742 2921 815 2978 sacta
828 2921 882 2979 fuit
894 2921 956 2977 sine
970 2919 1050 2976 tertia
1063 2936 1198 2977 manuum

110 3020 307 3096 impositione,
333 3020 395 3078 haec
422 3029 529 3080 tautum
555 3019 717 3097 supplenda
741 3011 833 3077 est.’‘³
886 3018 919 3076 Si
945 3018 1037 3094 prima
1064 3034 1199 3075 manuum

109 3119 258 3196 impositio
272 3121 379 3177 omissa
391 3119 484 3187 suerit,
499 3120 609 3176 videtur
628 3121 714 3177 etiam
728 3128 802 3177 totus
819 3119 890 3176 ritus
911 3115 1053 3175 iterandus
1066 3115 1119 3173 sub
1132 3134 1200 3174 eon·

109 3215 227 3285 ditione,
239 3237 328 3291 quum
347 3219 477 3278 nonnulli
497 3219 688 3276 habeanteam
706 3236 843 3276 unacum
861 3215 987 3275 secunda
1004 3215 1091 3273 instar
1102 3215 1197 3282 unius,

110 3334 232 3391 eamque
247 3317 282 3375 ad
295 3317 417 3376 valorem
438 3298 574 3376 censeant
593 3318 710 3391 requiri.
752 3316 827 3376 Illud
840 3317 1007 3393 plerumque
1027 3314 1199 3373 servandum

110 3426 164 3484 est,
179 3415 258 3488 quod
273 3425 292 3452 “
303 3435 361 3474 non
375 3425 419 3474 est
431 3417 539 3490 aliquid
559 3416 727 3483 iterandum,
741 3417 792 3475 sed
806 3426 886 3474 caute
906 3414 1107 3493 supplendum,
1122 3413 1200 3487 quod

110 3517 224 3573 incaute
245 3514 334 3573 fuerat
356 3507 625 3592 praetermissum.”⁴
663 3516 697 3573 Si
719 3514 754 3573 de
775 3516 870 3574 valore
893 3525 972 3574 aetus
990 3523 1110 3581 constet,
1129 3515 1199 3571 ritus

111 3615 247 3679 omissus,
262 3632 299 3670 v:
321 3633 357 3690 g:
379 3633 514 3673 manuum
528 3615 641 3680 unctio;
663 3615 715 3672 sub
730 3616 807 3691 gravi
821 3622 936 3690 peccato
956 3611 1134 3689 supplendus
1148 3611 1201 3669 erit
1275 3622 1280 3629 ·

110 3712 323 3786 quamprimum
345 3713 379 3770 ab
403 3712 504 3770 eodem
524 3713 671 3788 episcopo,
695 3715 721 3771 si
743 3713 805 3770 fieri
825 3713 927 3787 possit,
943 3711 994 3767 sed
1013 3719 1113 3768 caetera
1139 3726 1198 3765 non

111 3817 192 3868 erunt
207 3809 354 3887 iteranda.
396 3809 515 3869 Occulte
541 3809 665 3868 defectus
688 3811 855 3886 plerumque
881 3806 1057 3884 supplendus
1083 3813 1136 3871 est,
1163 3822 1198 3861 ne

112 3908 277 3966 scandalum
290 3920 431 3967 nascatur.
815 3925 816 3929 ’

149 4011 178 4064 8.
200 4006 323 4065 Materia
345 4008 525 4084 episcopatus
548 4005 658 4065 videtur
678 4024 742 4063 esse
762 4023 897 4063 manuum
915 4001 1071 4078 impositio,
1086 4017 1148 4071 quoe
1166 3999 1198 4056 fit

147 4226 189 4292 (1)
209 4225 302 4275 Bened.
313 4225 383 4275 XIV.
394 4226 424 4276 de
437 4225 544 4290 Synodo,
555 4227 571 4274 1.
583 4226 623 4274 vii.
637 4241 657 4276 c.
666 4224 690 4273 ii.
703 4240 727 4272 ιι.
740 4226 764 4271 5.
919 4220 962 4288 (2)
980 4217 1080 4276 Ibidem,
1090 4233 1115 4267 n.
1127 4220 1166 4266 13.

149 4311 189 4376 (3)
210 4311 236 4360 S.
246 4309 321 4376 Alph.
333 4311 348 4359 1.
360 4312 391 4360 vi.
404 4327 430 4360 n.
439 4311 497 4360 749.
600 4311 642 4376 (4)
663 4308 723 4372 Cap.
736 4308 751 4357 i.
762 4306 792 4358 de
801 4304 963 4357 recrementis
974 4318 1026 4353 uon
1037 4300 1166 4355 iterandis.
