2640 4860
513 30 609 135 iffi?

541 134 554 147 '⁸
567 148 574 165 s
587 154 592 167 ι

114 385 133 439 (t
391 376 449 435 DE
470 377 663 435 MATERIA
683 378 742 436 ΕΤ
762 376 920 436 FORMA.

113 547 145 604 in
157 543 330 622 specialibus
342 560 438 601 rerum
452 540 605 620 adjunctis,
619 543 650 602 in
663 544 767 616 quibus
780 543 934 602 reservatio
947 560 1070 613 cessare,
1084 544 1131 602 vel
1144 564 1204 603 sus·

114 642 212 721 pendi,
226 660 265 701 ex
277 641 418 700 Ecclesiae
431 651 536 710 mente,
551 651 698 700 censetur:
713 643 855 719 parochus
865 643 961 710 etiam,
972 644 1204 702 concurrentibus

116 740 292 820 gravissimis
306 739 509 809 incommodis,
524 741 674 818 conjungit
686 740 893 819 impedimento
907 740 1021 800 occulto
1033 742 1204 811 laborantes,

115 860 149 900 ea
170 841 256 899 nixus
275 840 417 898 sententia
438 838 515 912 quod
529 840 559 897 in
573 840 609 898 iis
628 859 724 898 rerum
743 840 885 920 adjunctis
907 840 978 899 nolit
997 840 1133 899 Ecclesia
1154 843 1205 901 im·

115 939 311 1018 pedimentum
324 957 468 1017 apponere
481 958 547 998 cum
560 939 711 997 manifesto
725 940 881 998 animarum
896 938 1010 998 damno.
1054 940 1083 998 N
1085 959 1125 999 on
1136 942 1203 999 item

114 1040 145 1101 in
166 1039 350 1099 sacramentis
376 1036 568 1115 suscipiendis
588 1046 685 1095 censet
703 1034 802 1109 licere,
817 1057 904 1112 quum
918 1038 1057 1115 probabili
1069 1041 1204 1117 opinione

114 1141 164 1199 vir
176 1139 217 1198 uti
231 1139 296 1212 quis
309 1139 403 1217 possit
415 1138 522 1209 absque
535 1138 657 1214 propriae
671 1138 774 1197 animae
791 1133 988 1197 detrimento.¹

155 1243 184 1297 9.
205 1237 241 1297 In
255 1247 382 1296 extrema
395 1235 573 1303 necessitate,
595 1234 662 1294 dum
676 1238 785 1295 scilicet
797 1238 947 1313 proximus
960 1237 1050 1295 salute
1064 1237 1203 1314 periclita-

116 1347 170 1407 tur,
184 1336 251 1395 licet
264 1353 474 1410 quamcumque
496 1334 634 1393 adhibere
647 1337 804 1405 materiam,
819 1336 865 1395 vel
877 1336 1008 1405 formam,
1029 1354 1094 1409 quae
1107 1335 1204 1396 forsan

114 1436 248 1503 sufficiat,
268 1436 336 1494 licet
354 1434 439 1493 dubia
461 1435 508 1503 sit,
530 1452 596 1492 nam
619 1452 708 1506 quum
721 1434 856 1493 Christus
877 1443 1054 1494 sacramenta
1066 1435 1096 1492 iu
1109 1434 1202 1495 homi-

115 1555 186 1595 num
211 1534 333 1593 salutem
359 1533 520 1599 instituerit,
544 1533 606 1591 vult
624 1543 700 1592 certe
722 1542 753 1592 ut
772 1535 799 1592 ei
825 1552 1005 1607 quacumque
1025 1534 1087 1591 fieri
1113 1537 1204 1610 possit

114 1635 223 1693 ratione
237 1632 409 1690 consulatur.
451 1632 531 1691 Hinc
554 1632 724 1692 moribundo
746 1633 887 1711 baptisma
909 1633 1000 1700 datur,
1020 1634 1046 1691 si
1058 1633 1097 1690 sit
1110 1634 1203 1707 aliqua

114 1734 196 1801 ratio,
211 1732 342 1805 quamvis
355 1732 457 1800 tenuis,
472 1741 500 1789 et
512 1733 630 1798 incerta,
650 1732 784 1791 credendi
806 1750 872 1790 eum
887 1731 916 1789 id
928 1732 1010 1790 velle.
1052 1732 1203 1792 Absolutio

113 1834 198 1892 etiam
211 1829 377 1890 conceditur
389 1831 501 1891 homini
514 1832 645 1889 sensibus
658 1831 808 1901 destituto;
830 1850 888 1890 nou
902 1840 994 1889 autem
1009 1830 1201 1901 Eucharistia,

114 1952 203 2008 quum
217 1951 275 1991 non
289 1940 370 1989 tantae
384 1932 421 1988 sit
432 1932 620 1996 necessitatis,
635 1940 664 1987 et
675 1931 833 1989 reverentia
842 1932 911 1988 tanti
921 1930 1089 1988 sacramenti
1099 1931 1201 1991 obstet.

113 2033 254 2093 Extrema
266 2039 360 2088 autem
374 2030 471 2086 unctio
485 2027 548 2084 fieri
561 2035 663 2103 potest,
685 2047 772 2101 quum
787 2029 823 2086 sit
835 2037 1017 2104 peccatorum
1030 2026 1201 2100 remedium,

114 2149 171 2205 quo
184 2128 267 2187 valde
280 2126 389 2202 indiget
401 2134 547 2203 peccator:
570 2132 599 2182 et
617 2126 695 2184 nulla
714 2137 890 2187 sacramento
910 2128 1049 2204 irrogetur
1068 2128 1203 2206 injurias

112 2225 258 2287 sacerdote
272 2223 342 2283 illud
357 2242 395 2282 ex
409 2224 509 2282 animae
523 2222 621 2281 salutis
635 2224 729 2285 studio
743 2226 916 2286 conserente.
958 2227 1088 2284 Tenetur
1109 2239 1203 2287 autem

113 2324 247 2386 sacerdos
260 2324 290 2382 in
304 2331 431 2381 extrema
452 2323 620 2381 necessitate
641 2327 746 2402 posito,
768 2321 906 2400 quatenus
919 2326 1012 2401 possit
1024 2344 1200 2396 succurrere,

111 2426 197 2485 dubia
209 2424 277 2483 licet
288 2422 414 2480 materia.
566 2421 568 2424 ⁴
1069 2441 1071 2444 ·

153 2529 201 2583 10.
222 2522 330 2582 Forma
342 2521 432 2581 semel
445 2522 553 2600 prolata
566 2541 624 2583 uon
645 2533 688 2583 est
707 2544 794 2603 snpra
806 2527 927 2585 eandem
939 2525 1087 2585 materiam
1100 2527 1202 2585 iteran-

111 2624 164 2683 da:
186 2641 273 2697 quum
288 2623 365 2682 euim
381 2631 588 2681 sacramentum
602 2625 775 2694 conficiatur,
797 2625 889 2683 forma
908 2625 1033 2682 materie
1053 2644 1138 2684 usum
1154 2624 1202 2684 de·

90 2715 239 2789 'finiente
254 2723 400 2781 iteratione
413 2722 475 2800 ejus
489 2740 562 2798 opus
575 2742 632 2782 non
647 2710 701 2780 est'.
736 2724 911 2781 sacramenti
925 2743 942 2780 a
954 2722 1072 2782 Christo
1086 2735 1200 2784 auctore

111 2823 236 2900 dignitas
255 2838 323 2879 sane
348 2819 468 2888 laeditur,
489 2818 557 2879 dum
581 2824 667 2881 verba
685 2822 822 2881 divinitus
848 2823 984 2889 instituta,
1008 2823 1054 2881 vel
1081 2842 1144 2896 quae
1168 2825 1202 2883 ab
1233 2858 1236 2864 ·

110 2920 244 2982 Ecclesia
255 2914 289 2979 ad
303 2920 437 2979 divinitus
448 2921 503 2980 sibi
515 2922 683 2981 concreditae
697 2923 845 2999 potestatis
855 2921 1024 2981 exercitium
1036 2924 1202 3000 praescripta

110 3032 186 3090 sunt,
202 3022 307 3079 frustra
320 3022 510 3097 proferuntur.
552 3020 663 3082 Idcirco
678 3032 785 3099 peccat,
807 3023 868 3096 qui,
888 3030 954 3099 post
968 3022 1054 3079 verba
1067 3022 1201 3098 baptismi

110 3121 163 3177 rite
177 3116 295 3194 prolata,
310 3116 378 3175 dum
398 3119 503 3191 ablutio
524 3118 614 3188 lieret,
636 3141 670 3178 ea
690 3123 788 3179 iterat:
811 3123 856 3179 vel
877 3121 926 3193 qui
946 3121 1031 3178 verba
1054 3116 1202 3180 consecra·

110 3216 198 3275 tionis
212 3214 274 3290 pari
288 3213 395 3271 ratione
408 3216 521 3290 repetit.
563 3217 737 3290 Plerumque
758 3226 854 3276 tamen
873 3219 983 3277 iteratio
1004 3221 1144 3296 contingit
1164 3239 1201 3281 ex

111 3314 199 3374 animi
212 3311 385 3379 infirmitate,
407 3319 436 3368 et
454 3315 600 3371 memoriae
615 3315 737 3385 defectu,
751 3317 797 3375 vel
810 3324 904 3376 mente
918 3318 1062 3394 scrupulis
1076 3321 1200 3395 agitata;

110 3423 139 3471 et
151 3414 231 3489 gravi
244 3410 349 3500 idcirco
363 3408 448 3485 culpa
460 3419 544 3468 caret.
587 3414 676 3472 Nulla
689 3424 782 3474 autem
796 3425 840 3474 est
860 3418 945 3494 culpa
958 3436 992 3475 ea
1005 3420 1121 3488 iterare,
1136 3439 1203 3478 con·

111 3513 219 3572 ditione
234 3516 329 3569 mente
343 3517 492 3585 concepta,
513 3511 538 3566 si
561 3509 702 3570 dubitetur
722 3515 904 3591 probabiliter
917 3526 1010 3574 utrum
1024 3517 1077 3575 rite
1091 3518 1202 3596 prolata

111 3599 225 3679 fuerint,
238 3608 280 3667 uti
293 3607 375 3667 facile
388 3608 553 3683 contingere
567 3620 671 3686 potest,
686 3623 782 3673 mente
796 3615 832 3674 ad
846 3616 900 3674 alia
913 3622 1062 3693 evagante.

459 3808 500 3874 (l)
521 3808 595 3873 Apud
607 3811 632 3860 S.
647 3811 722 3878 Alpb.
731 3814 747 3864 l.
760 3814 776 3864 i.
787 3831 812 3865 n.
824 3817 865 3865 51.
