2640 4860
453 381 512 441 DE
532 379 844 441 ABSOLUTIONE.

543 894 685 954 CAPUT
706 893 760 952 lx.

514 1113 553 1151 DE
574 1109 790 1155 assontt‘rlonu.

401 1272 426 1346 §.
442 1271 466 1329 1.
508 1270 556 1329 Du
577 1287 755 1327 sacunuorrs
773 1284 901 1326 summo.

154 1445 220 1499 181.
242 1439 381 1498 Sacerdos
398 1440 597 1516 jurisdictione
611 1438 746 1514 praeditus
765 1445 831 1514 post
850 1445 1002 1512 exceptam
1019 1445 1183 1512 peccatorum

111 1541 332 1606 consessionem,
353 1549 521 1615 potestatem
542 1537 672 1596 solvendi
694 1546 723 1594 et
747 1535 908 1594 remittendi
930 1544 1048 1612 peccata
1073 1543 1184 1600 exercet,

111 1639 293 1713 poenitentem
305 1639 494 1696 absolvendo:
509 1639 577 1715 ligat
587 1655 701 1710 quoque
712 1635 886 1712 imponendo
896 1634 1188 1710 operasatisfactionis‚

111 1745 139 1792 et
153 1739 254 1794 retinet
266 1746 384 1812 peccata
395 1756 492 1796 eorum
507 1738 556 1809 qui
566 1735 641 1793 haud
656 1735 751 1793 idonei
766 1736 856 1792 veniae
870 1733 1011 1792 videntur.
1055 1731 1188 1808 Equidem

111 1844 236 1909 potestas
249 1856 266 1895 a
278 1834 397 1894 Christo
410 1836 537 1895 Domino
557 1853 704 1901 concessa,
719 1834 834 1892 nonnisi
844 1835 928 1911 juxta
944 1833 1127 1891 sanctissima
1139 1832 1190 1908 ejus

112 1932 239 1992 instituta
257 1936 384 1993 exerceri
404 1935 485 2002 valet,
500 1945 532 1993 ut
551 1934 750 2011 penitentibus
765 1935 803 1991 sit
822 1933 922 1999 veniat
944 1951 1021 1998 nam,
1035 1933 1077 1989 uti
1095 1932 1191 2009 optime

112 2034 311 2091 animadvertit
325 2034 356 2091 S.
379 2033 519 2101 Thomas,
534 2031 695 2090 “sacerdos
709 2041 840 2108 operatur
858 2033 888 2090 in
907 2049 960 2088 usu
982 2032 1106 2088 clavium
1128 2032 1194 2088 sicut

113 2130 329 2191 instrumentum
344 2142 372 2189 et
391 2133 521 2190 minister
546 2131 618 2189 Dei:
635 2131 744 2190 nulium
763 2142 856 2189 autem
877 2133 1098 2189 instrumentum
1120 2129 1195 2188 habet

113 2228 258 2287 efficacem
272 2240 363 2289 actum
377 2230 433 2287 nisi
452 2229 609 2288 secundum
630 2230 708 2303 quod
727 2241 856 2289 movetur
875 2250 892 2288 a
911 2230 1065 2306 principali
1085 2237 1193 2306 agente:

113 2337 142 2383 et
160 2326 224 2385 ideo
248 2328 316 2385 dicit
340 2327 512 2404 Dionysius,
539 2329 573 2388 irs
584 2329 653 2407 fine
675 2328 897 2388 Ecclesiasticae
919 2327 1108 2396 hierarchiae,
1128 2324 1196 2401 quod

113 2425 305 2484 sacerdotibus
319 2428 455 2486 utendum
469 2439 513 2486 est
532 2430 679 2487 virtutibus
693 2429 887 2497 hierarchicis,
902 2428 1048 2501 quomodo
1070 2427 1194 2486 divinitas

113 2543 164 2584 eos
178 2527 300 2584 moverit
309 2567 397 2586 .....
413 2527 499 2586 Unde
513 2530 539 2587 si
552 2529 616 2602 quis
627 2538 728 2603 praeter
740 2528 819 2585 illum
833 2538 942 2586 motum
957 2527 1087 2585 divinum
1101 2529 1141 2585 uti
1153 2544 1197 2583 sua

114 2635 250 2704 potestate
270 2630 491 2704 praesumpserit‚
513 2646 571 2685 non
591 2636 814 2701 consequeretur
834 2627 978 2694 effectum,
992 2635 1024 2684 ut
1045 2626 1198 2704 Dionysius

114 2725 199 2784 dicit:
212 2735 240 2784 et
252 2735 353 2802 praeter
365 2727 446 2785 hoca
460 2728 557 2786 divino
571 2728 670 2785 ordine
685 2735 875 2794 averteretur;
888 2727 969 2784 etsie
982 2727 1100 2802 culpam
1114 2728 1197 2784 incur·

113 2822 236 2883 reret.’'¹
277 2825 423 2897 Equidem
443 2828 626 2885 manifestum
640 2826 713 2884 soret
726 2836 873 2903 peccatum
893 2836 1000 2884 temere
1013 2826 1056 2883 uti
1070 2834 1198 2902 potestate

113 2922 248 2982 divinitus
267 2943 413 2982 concessa.

157 3026 223 3080 182.
247 3024 305 3090 Qui
327 3025 474 3100 poenitenti
489 3027 584 3082 animo
598 3043 651 3082 sua
670 3023 819 3081 consessus
833 3032 877 3080 est
896 3031 1023 3098 peccata,
1038 3031 1067 3080 et
1080 3031 1198 3099 paratum

114 3140 146 3178 se
160 3122 276 3179 exhibet
289 3122 322 3179 ad
339 3123 423 3198 jussa
436 3124 590 3181 sacerdotis
605 3122 758 3200 implenda,
769 3123 817 3199 jus
838 3122 922 3179 habet
936 3121 971 3180 ad
985 3123 1197 3186 absolutionem,

115 3238 203 3292 quum
219 3221 417 3296 gravissimum
432 3223 585 3281 confitendi
599 3242 670 3280 onus
685 3240 718 3279 ea
731 3220 893 3279 conditione
906 3222 1035 3289 subierit,
1050 3232 1082 3279 ut
1094 3223 1198 3279 veniam

114 3336 151 3374 ex
163 3318 272 3375 Christi
284 3319 410 3377 instituto
421 3332 661 3394 consequeretur:
678 3330 850 3398 quapropter
862 3321 955 3398 gravis
964 3321 992 3378 ei
1001 3321 1085 3378 fieret
1093 3320 1197 3398 injuria,

114 3417 150 3482 si,
166 3416 244 3473 nullo
258 3436 273 3472 a
293 3435 324 3473 se
339 3416 451 3493 objecto
472 3421 563 3489 obice,
579 3423 662 3479 venia
682 3400 880 3498 denegaretur]
918 3420 1021 3478 Statim
1035 3420 1196 3496 plerumque

115 3513 305 3583 absolvendus
332 3513 439 3574 idcirco
460 3533 518 3576 est:
542 3522 672 3591 quamvis
696 3521 857 3595 contingere
877 3519 970 3595 possit
990 3519 1154 3591 aliquando,
1174 3525 1198 3574 ut

116 3612 213 3672 dilatio
225 3615 411 3672 absolutionis
425 3616 459 3674 ad
473 3619 556 3675 breve
571 3620 714 3691 quoddam
729 3627 841 3694 tempus
855 3618 883 3675 ei
896 3618 1033 3693 profitura
1045 3621 1084 3676 sit
1099 3620 1128 3676 in
1141 3635 1197 3675 oau-

113 3702 236 3772 telarn'ct
245 3715 403 3773 remedium
416 3736 423 3773 :
436 3727 606 3794 quapropter
617 3721 718 3778 animae
732 3717 854 3784 medico,
868 3718 915 3789 qui
927 3726 956 3775 et
963 3716 1057 3794 judex
1070 3701 1124 3784 est{
1138 3717 1197 3774 licet

114 3831 197 3887 aequa
207 3833 244 3872 ex
256 3835 341 3873 causa
351 3834 414 3872 eam
429 3816 551 3884 differre,
566 3821 723 3892 praesertim
735 3836 770 3874 eo
785 3816 989 3874 consentiente.

157 3918 224 3972 183.
247 3914 409 3974 Sacerdotis
423 3915 562 3992 judicium
585 3935 621 3974 ex
642 3934 734 3975 causae
755 3915 918 3991 cognitione
931 3912 1193 3990 proferendumest,

115 4009 236 4086 ideoque
250 4013 333 4073 debet
345 4033 380 4072 eo
394 4032 452 4086 quo
465 4013 583 4072 absolvit
597 4015 731 4092 temporis
745 4022 891 4072 momento
911 4014 1095 4072 conscientie
1115 4008 1195 4089 poeni·

115 4113 199 4169 tentis
210 4121 313 4173 statum
327 4113 430 4171 habere
444 4123 638 4192 perspectum.
661 4112 806 4187 Equidem
820 4114 850 4170 iu
860 4112 1045 4172 tribunalibus
1058 4111 1194 4190 plerisque

386 4315 428 4379 (1)
448 4314 508 4378 Sup.
519 4314 553 4364 iii.
564 4330 588 4379 p.
599 4331 640 4379 qu.
651 4314 719 4366 xviii.
730 4290 773 4365 arti
784 4315 817 4365 iv.
850 4313 925 4380 Resp.
