2634 4854
114 372 171 429 166
360 364 418 425 DE
439 362 607 425 SlGlLLO
626 362 949 473 consesstoigts.

150 536 201 592 79.
216 531 332 590 Directe
345 529 478 610 proderet
490 549 635 598 arcanum,
649 530 699 604 qui
708 529 815 604 aliquid
827 531 884 589 eibi
896 528 1171 595 confitendocomtnis

110 649 173 689 som
187 631 341 708 panderet:
361 630 414 688 sed
433 627 598 702 nequidem
618 629 745 706 suspicio
769 629 916 687 levissima
934 628 1027 707 cttlpae
1047 629 1173 708 ingerenda

110 740 164 797 cst,
173 748 224 788 seu
237 748 319 797 voce,
333 748 386 787 eeu
398 738 491 806 gestu,
505 746 559 786 nec
568 725 637 800 quid
651 726 811 786 faciendum
824 726 900 801 qnod
922 746 1073 805 gravamen
1086 730 1170 790 afferat

112 828 158 887 De
172 829 286 887 nemine
305 846 432 901 anquam
452 825 604 884 dicendum
630 844 696 883 eum
716 827 834 885 mortale
861 825 977 899 aliquod
997 837 1132 905 peccatam
1153 832 1175 889 in
1228 880 1230 905 ,

111 928 293 986 confessione
306 925 494 1003 deposuisse:
510 924 675 997 nequidem
689 926 714 982 si
735 926 805 983 alias
820 934 933 984 constet
943 944 1012 985 eum
1032 944 1092 984 esee
1108 928 1176 1004 pluri·
1227 908 1230 989 l

111 1045 162 1085 nm
172 1043 269 1090 reum:
284 1043 349 1082 nam
363 1045 416 1084 nec
429 1034 541 1101 oportet
553 1024 641 1081 animi
654 1022 783 1083 dolorem
794 1025 946 1095 eximium,
955 1038 1176 1105 guompeocata
1225 1028 1230 1089 t'

112 1124 262 1183 confessus
274 1134 327 1192 est,
341 1125 445 1181 testari.
468 1123 624 1194 Nunquam
637 1122 733 1181 dicere
744 1121 813 1183 licet
823 1140 856 1183 ee
868 1140 929 1182 non
940 1122 1096 1183 absolvim
1106 1144 1176 1199 quen·

112 1223 190 1290 dam,
204 1222 249 1279 rel
271 1241 337 1280 eum
356 1241 437 1280 suam
456 1221 667 1279 confessionem
689 1220 766 1281 haud
785 1218 932 1281 adfinem
956 1220 1177 1301 perduxitse,vel
1224 1226 1230 1331 p

112 1322 206 1380 adhuc
216 1319 252 1379 ad
265 1322 496 1380 communionem
509 1339 567 1377 uon
581 1320 749 1388 accessisse,
763 1320 811 1379 vel
823 1320 859 1379 ad
878 1320 956 1380 aliud
976 1330 1089 1398 tempus
1106 1321 1175 1381 fuisse
1228 1336 1230 1373 t

112 1421 281 1478 remissum:
297 1419 358 1477 hec
371 1421 447 1478 enim
468 1419 565 1477 omnia
578 1420 770 1494 suspicionem
794 1421 928 1497 ingerunt
946 1420 1057 1499 pqcoti
1074 1419 1174 1481 lethalis.

113 1519 159 1577 De
181 1518 339 1577 venialibus
352 1519 548 1595 poenitentium
563 1516 655 1593 culpis
669 1519 753 1575 etiam
767 1518 854 1577 altum
867 1518 1070 1577 silentinmest
1087 1537 1176 1581 servan

113 1616 200 1676 dum:
222 1636 275 1675 nec
288 1618 401 1675 collatio
415 1615 543 1674 facienda
555 1624 609 1683 est,
623 1625 655 1674 ut
668 1615 703 1672 de
717 1615 839 1689 quodam
853 1615 962 1675 dicatur
975 1635 1042 1675 eum
1055 1617 1113 1674 sola
1121 1621 1176 1678 veni·

112 1716 169 1775 alia
180 1716 365 1783 confessum:
392 1715 459 1774 inde
473 1717 550 1775 enim
576 1715 727 1773 inferretur
746 1715 817 1773 alios
840 1724 1023 1792 peccatorum
1041 1717 1174 1778 mortalium

112 1834 177 1873 esee
191 1834 265 1873 reos.
296 1816 375 1873 Dicit
388 1817 419 1872 S.
434 1814 601 1892 Alphonsus
610 1834 667 1873 non
680 1813 771 1890 frangi
784 1815 909 1891 sigillum
924 1814 1048 1873 dicendo
1059 1815 1173 1887 quendem

111 1915 203 1972 solam
218 1916 363 1972 materiam
376 1915 469 1973 levem
484 1913 649 1972 confessum
663 1932 747 1970 esse:
770 1931 853 1972 secus
867 1915 892 1972 si
912 1913 1021 1971 dicatur
1034 1932 1097 1972 eum
1115 1915 1174 1991 plen

113 2014 237 2071 venialia
249 2007 404 2071 retulisse.¹
438 2013 607 2071 Cavendum
627 2022 671 2069 est
684 2012 752 2070 dum
771 2013 952 2088 excipiuntur
968 2013 1173 2088 poenitentcsme

111 2130 181 2170 voce
195 2112 296 2180 altiori,
310 2113 511 2188 increpatione,
527 2111 571 2168 vel
585 2113 667 2189 signo
685 2111 782 2184 aliquo
803 2112 962 2170 innotescat
983 2111 1117 2184 quicquid
1134 2130 1175 2170 sue·

110 2211 253 2285 piciooern
274 2210 400 2286 injiciat:
424 2211 489 2268 ideo
510 2210 607 2269 animo
631 2220 743 2287 pacato,
766 2229 836 2268 voce
857 2222 949 2269 autem
964 2210 1176 2279 submissa,etin

110 2308 253 2374 tribunali,
279 2309 308 2364 in
328 2307 392 2365 loco
413 2308 519 2384 patenti
542 2306 709 2387 et'publieo
737 2308 851 2382 quidem
871 2319 977 2377 erecto,
1005 2309 1177 2368 confessiones

110 2405 286 2482 excipiendae
298 2416 373 2465 sunt.

150 2508 200 2562 86.
220 2505 254 2564 Si
275 2506 467 2566 confessarius
487 2509 522 2564 ab
542 2508 623 2567 initio
649 2507 853 2566 animadvertat
872 2510 1058 2585 poenitentem
1081 2505 1179 2565 surdum

110 2622 185 2672 esee,
197 2603 279 2662 debet
292 2605 387 2663 locum
407 2616 436 2663 et
456 2616 567 2682 tempus
588 2607 738 2682 designare
761 2607 908 2665 audiendae
932 2608 996 2685 ejus
1014 2606 1181 2675 confessioni,

111 2703 160 2760 nbi
174 2704 282 2763 nullum
296 2705 332 2760 sit
345 2705 501 2780 periculum
517 2724 552 2762 ne
567 2705 614 2763 alii
637 2705 768 2763 audiant:
791 2704 868 2778 quod
892 2704 1009 2778 quidem
1030 2706 1125 2764 licebit
1144 2706 1196 2763 ata-

112 2820 182 2860 voce
197 2802 332 2878 proferre,
348 2822 436 2876 quum
450 2805 561 2862 noverit
580 2821 645 2861 eum
668 2805 784 2863 surdum
807 2823 882 2872 esse,
897 2803 973 2862 haud
993 2822 1032 2863 ex
1051 2807 1114 2882 ejus
1135 2824 1189 2862 eon·

112 2901 246 2968 sessione,
270 2900 321 2958 eed
352 2902 428 2975 quod
455 2903 496 2960 illi
526 2903 719 2979 interroganti,
749 2921 807 2961 non
833 2903 1013 2979 respondeat.
1067 2904 1101 2961 Si
1126 2903 1191 2961 surdi

112 3009 197 3059 tatem
211 3018 270 3057 uon
284 3001 511 3060 animadverterit
523 3002 578 3059 nisi
593 3002 621 3059 in
642 3003 831 3060 confessionis
852 3021 1015 3080 progressu,
1029 3021 1089 3062 non
1110 3002 1195 3061 licebit

111 3116 177 3155 eum
201 3098 348 3166 dimittere,
371 3101 439 3171 quia
458 3099 567 3158 dabitur
586 3102 666 3159 locus
686 3101 849 3178 suspicandi
871 3119 936 3159 eum
957 3120 1042 3178 grave
1056 3112 1195 3177 peccatum

111 3197 274 3254 confessum
301 3216 376 3265 esse,
400 3199 476 3269 quod
500 3217 559 3257 non
583 3201 652 3257 satis
678 3201 864 3277 explicuerit:
888 3199 938 3257 sed
959 3210 1075 3276 peracta
1097 3201 1132 3257 ab
1153 3199 1197 3257 illo

111 3304 291 3368 peccatorum
307 3296 488 3353 confessione
503 3315 558 3368 qua
578 3301 702 3374 potuerit
714 3300 832 3367 ratione,
847 3297 1037 3357 absolvendus
1052 3300 1108 3356 erit
1121 3298 1199 3357 abao-

111 3390 172 3448 lute
191 3393 216 3449 si
237 3392 366 3449 videatur
387 3393 554 3470 dispositus,
570 3397 624 3455 sub
643 3397 804 3457 conditione
824 3396 901 3465 verti,
922 3399 947 3455 si
962 3397 1118 3474 dispositio
1140 3399 1199 3475 ejus

110 3489 194 3547 dubia
214 3489 348 3548 videatur.
390 3492 433 3550 Ita
458 3503 556 3551 censet
578 3497 610 3553 S.
631 3495 809 3572 alphonsus,
832 3497 881 3569 qui
900 3515 998 3554 casum
1024 3496 1106 3555 huno
1125 3494 1199 3573 apud

110 3590 253 3647 neminem
268 3589 463 3667 theologorum
477 3612 508 3649 se
521 3595 663 3671 reperisse
677 3587 818 3653 testatur.²

150 3693 199 3746 81.
216 3686 325 3746 Contra
337 3708 470 3748 arcanum
484 3702 512 3749 et
524 3694 693 3752 sacramenti
707 3695 892 3753 reverentiam
907 3702 1048 3770 peccaret,
1055 3695 1106 3767 qui
1116 3710 1202 3771 grave

110 3787 225 3860 aliquod
239 3796 385 3864 peccatum
399 3808 436 3847 ex
455 3791 635 3851 confessione
656 3801 754 3851 notum
770 3795 799 3853 in
813 3801 885 3851 coetu
900 3793 1036 3865 quodam,
1050 3810 1105 3851 seu
1124 3811 1204 3851 ccm-

107 3888 243 3945 munitate
253 3887 407 3947 admissum
417 3890 542 3948 referret:
558 3890 624 3949 inde
638 3892 715 3949 enim
725 3893 842 3951 infamia
855 3892 976 3953 oriretur
983 3893 1197 3959 communitati,

109 3983 260 4043 haudsine
283 3987 459 4063 singulorum
486 3991 661 4066 gravamine.
705 3990 765 4049 Sed
787 4010 840 4050 nec
858 3990 927 4049 licet
950 3991 1048 4052 dicere
1066 3990 1105 4049 de
1125 3993 1203 4058 loco,

109 4084 265 4156 presertitn
292 4104 390 4161 parvo,
412 4087 519 4145 seelera
545 4089 672 4163 quaedam
696 4090 734 4149 ibi
758 4091 950 4165 frequentiora
975 4072 1060 4150 esse:
1084 4092 1145 4151 imo
1167 4089 1203 4147 de

278 4302 320 4367 (l)
339 4300 370 4352 L.
380 4304 412 4353 ri·
424 4320 449 4354 n
461 4309 518 4357 646.
769 4314 807 4375 (2)
824 4310 960 4374 lbidenan.
972 4313 1032 4361 644.
