<?xml version="1.0" encoding="UTF-8"?>
<!DOCTYPE html PUBLIC "-//W3C//DTD XHTML 1.0 Transitional//EN"
    "http://www.w3.org/TR/xhtml1/DTD/xhtml1-transitional.dtd">
<html xmlns="http://www.w3.org/1999/xhtml" xml:lang="en" lang="en">
 <head>
  <title>
</title>
<meta http-equiv="Content-Type" content="text/html;charset=utf-8" />
  <meta name='ocr-system' content='tesseract 3.04.00' />
  <meta name='ocr-capabilities' content='ocr_page ocr_carea ocr_par ocr_line ocrx_word'/>
</head>
<body>
  <div class='ocr_page' id='page_1' title='image "./theologiaemoral01kenrgoog_0358.png"; bbox 0 0 2640 4860; ppageno 0'>
   <div class='ocr_carea' id='block_1_1' title="bbox 317 375 1210 438">
    <p class='ocr_par' dir='ltr' id='par_1_1' title="bbox 317 375 1210 438">
     <span class='ocr_line' id='line_1_1' title="bbox 317 375 1210 438; baseline 0 0"><span class='ocrx_word' id='word_1_1' title='bbox 317 377 374 438; x_wconf 85' lang='lat' dir='ltr'><strong>DE</strong></span> <span class='ocrx_word' id='word_1_2' title='bbox 395 375 714 438; x_wconf 84' lang='lat' dir='ltr'><strong>IMPEDIMENTIS</strong></span> <span class='ocrx_word' id='word_1_3' title='bbox 735 375 1010 438; x_wconf 75' lang='lat' dir='ltr'><strong>MATRIMONII.</strong></span> <span class='ocrx_word' id='word_1_4' title='bbox 1150 383 1210 438; x_wconf 81' lang='lat'><strong>335</strong></span> 
     </span>
    </p>
   </div>
   <div class='ocr_carea' id='block_1_2' title="bbox 70 544 1214 3584">
    <p class='ocr_par' dir='ltr' id='par_1_2' title="bbox 100 544 1211 1696">
     <span class='ocr_line' id='line_1_2' title="bbox 110 544 1209 623; baseline 0 -19"><span class='ocrx_word' id='word_1_5' title='bbox 110 563 153 604; x_wconf 85' lang='lat' dir='ltr'><strong>ex</strong></span> <span class='ocrx_word' id='word_1_6' title='bbox 175 544 374 622; x_wconf 83' lang='lat' dir='ltr'>theologorum</span> <span class='ocrx_word' id='word_1_7' title='bbox 399 545 546 603; x_wconf 88' lang='lat' dir='ltr'><strong>communi</strong></span> <span class='ocrx_word' id='word_1_8' title='bbox 566 545 716 611; x_wconf 88' lang='lat' dir='ltr'><strong>sententia,</strong></span> <span class='ocrx_word' id='word_1_9' title='bbox 737 545 973 621; x_wconf 81' lang='lat' dir='ltr'><strong>impedimentum</strong></span> <span class='ocrx_word' id='word_1_10' title='bbox 994 564 1031 604; x_wconf 85' lang='lat' dir='ltr'><strong>ex</strong></span> <span class='ocrx_word' id='word_1_11' title='bbox 1057 544 1209 623; x_wconf 85' lang='lat' dir='ltr'>adoptione</span> 
     </span>
     <span class='ocr_line' id='line_1_3' title="bbox 110 643 1209 720; baseline 0.002 -19"><span class='ocrx_word' id='word_1_12' title='bbox 110 643 242 720; x_wconf 84' lang='lat' dir='ltr'><strong>perfecta</strong></span> <span class='ocrx_word' id='word_1_13' title='bbox 255 654 362 703; x_wconf 90' lang='lat' dir='ltr'><strong>tantum</strong></span> <span class='ocrx_word' id='word_1_14' title='bbox 376 645 492 711; x_wconf 88' lang='lat' dir='ltr'><strong>oriatur,</strong></span> <span class='ocrx_word' id='word_1_15' title='bbox 507 663 569 717; x_wconf 74' lang='lat' dir='ltr'><strong>quta</strong></span> <span class='ocrx_word' id='word_1_16' title='bbox 584 643 660 720; x_wconf 92' lang='lat' dir='ltr'><strong>apud</strong></span> <span class='ocrx_word' id='word_1_17' title='bbox 673 663 725 702; x_wconf 91' lang='lat' dir='ltr'><strong>nos</strong></span> <span class='ocrx_word' id='word_1_18' title='bbox 739 662 798 702; x_wconf 89' lang='lat' dir='ltr'><strong>nou</strong></span> <span class='ocrx_word' id='word_1_19' title='bbox 811 644 938 714; x_wconf 86' lang='lat' dir='ltr'><strong>habetur,</strong></span> <span class='ocrx_word' id='word_1_20' title='bbox 952 645 1024 703; x_wconf 87' lang='lat' dir='ltr'>nihil</span> <span class='ocrx_word' id='word_1_21' title='bbox 1038 644 1084 702; x_wconf 92' lang='lat' dir='ltr'><strong>hic</strong></span> <span class='ocrx_word' id='word_1_22' title='bbox 1098 647 1209 705; x_wconf 89' lang='lat' dir='ltr'><strong>obstare</strong></span> 
     </span>
     <span class='ocr_line' id='line_1_4' title="bbox 112 742 1207 825; baseline 0.004 -26"><span class='ocrx_word' id='word_1_23' title='bbox 112 742 228 801; x_wconf 90' lang='lat' dir='ltr'><strong>videtur</strong></span> <span class='ocrx_word' id='word_1_24' title='bbox 243 745 318 825; x_wconf 65' lang='lat' dir='ltr'><strong>⁸quin</strong></span> <span class='ocrx_word' id='word_1_25' title='bbox 338 744 381 800; x_wconf 88' lang='lat' dir='ltr'><strong>vir</strong></span> <span class='ocrx_word' id='word_1_26' title='bbox 401 743 484 800; x_wconf 91' lang='lat' dir='ltr'><strong>ducat</strong></span> <span class='ocrx_word' id='word_1_27' title='bbox 506 743 630 820; x_wconf 83' lang='lat' dir='ltr'><strong>puellam</strong></span> <span class='ocrx_word' id='word_1_28' title='bbox 654 762 738 816; x_wconf 90' lang='lat' dir='ltr'><strong>qnam</strong></span> <span class='ocrx_word' id='word_1_29' title='bbox 767 742 833 802; x_wconf 82' lang='lat' dir='ltr'><strong>filiae</strong></span> <span class='ocrx_word' id='word_1_30' title='bbox 853 744 918 803; x_wconf 93' lang='lat' dir='ltr'><strong>loco</strong></span> <span class='ocrx_word' id='word_1_31' title='bbox 940 744 1078 802; x_wconf 88' lang='lat' dir='ltr'><strong>hacteuus</strong></span> <span class='ocrx_word' id='word_1_32' title='bbox 1099 746 1207 804; x_wconf 85' lang='lat' dir='ltr'>habuit.</span> 
     </span>
     <span class='ocr_line' id='line_1_5' title="bbox 113 838 1209 919; baseline 0.004 -20"><span class='ocrx_word' id='word_1_33' title='bbox 113 841 289 919; x_wconf 85' lang='lat' dir='ltr'><strong>Adoptienis</strong></span> <span class='ocrx_word' id='word_1_34' title='bbox 303 842 482 901; x_wconf 89' lang='lat' dir='ltr'><strong>conditiones</strong></span> <span class='ocrx_word' id='word_1_35' title='bbox 507 843 635 919; x_wconf 89' lang='lat' dir='ltr'><strong>singulas</strong></span> <span class='ocrx_word' id='word_1_36' title='bbox 656 842 761 900; x_wconf 83' lang='lat' dir='ltr'><strong>videsis</strong></span> <span class='ocrx_word' id='word_1_37' title='bbox 782 838 1021 919; x_wconf 68' lang='grc' dir='ltr'><strong>11111111111111111.ι</strong></span> <span class='ocrx_word' id='word_1_38' title='bbox 1061 844 1133 910; x_wconf 83' lang='lat' dir='ltr'><strong>Quae</strong></span> <span class='ocrx_word' id='word_1_39' title='bbox 1148 846 1209 903; x_wconf 88' lang='lat' dir='ltr'><strong>fieri</strong></span> 
     </span>
     <span class='ocr_line' id='line_1_6' title="bbox 113 941 1058 1020; baseline 0 -20"><span class='ocrx_word' id='word_1_40' title='bbox 113 942 221 1000; x_wconf 88' lang='lat' dir='ltr'><strong>dicitur</strong></span> <span class='ocrx_word' id='word_1_41' title='bbox 235 941 309 1019; x_wconf 91' lang='lat' dir='ltr'><strong>apud</strong></span> <span class='ocrx_word' id='word_1_42' title='bbox 324 961 377 1000; x_wconf 87' lang='lat' dir='ltr'><strong>nos</strong></span> <span class='ocrx_word' id='word_1_43' title='bbox 391 942 507 1018; x_wconf 80' lang='lat' dir='ltr'>adoptio</span> <span class='ocrx_word' id='word_1_44' title='bbox 521 951 576 1000; x_wconf 89' lang='lat' dir='ltr'><strong>tota</strong></span> <span class='ocrx_word' id='word_1_45' title='bbox 590 942 697 1020; x_wconf 85' lang='lat' dir='ltr'><strong>pendet</strong></span> <span class='ocrx_word' id='word_1_46' title='bbox 709 961 745 999; x_wconf 88' lang='lat' dir='ltr'><strong>ex</strong></span> <span class='ocrx_word' id='word_1_47' title='bbox 759 942 873 1000; x_wconf 87' lang='lat' dir='ltr'><strong>arbitrio</strong></span> <span class='ocrx_word' id='word_1_48' title='bbox 888 942 1058 1020; x_wconf 82' lang='lat' dir='ltr'><strong>adoptantis.</strong></span> 
     </span>
     <span class='ocr_line' id='line_1_7' title="bbox 100 1040 1210 1124; baseline 0.002 -26"><span class='ocrx_word' id='word_1_49' title='bbox 100 1112 106 1123; x_wconf 30' lang='grc' dir='ltr'>ἱ</span> <span class='ocrx_word' id='word_1_50' title='bbox 159 1045 229 1100; x_wconf 88' lang='grc'><strong>146.</strong></span> <span class='ocrx_word' id='word_1_51' title='bbox 251 1041 392 1118; x_wconf 82' lang='lat' dir='ltr'><strong>Cognatio</strong></span> <span class='ocrx_word' id='word_1_52' title='bbox 404 1040 575 1124; x_wconf 79' lang='lat' dir='ltr'><strong>spiritualis</strong></span> <span class='ocrx_word' id='word_1_53' title='bbox 586 1060 620 1099; x_wconf 89' lang='lat' dir='ltr'><strong>ea</strong></span> <span class='ocrx_word' id='word_1_54' title='bbox 633 1041 734 1099; x_wconf 90' lang='lat' dir='ltr'><strong>dicitur</strong></span> <span class='ocrx_word' id='word_1_55' title='bbox 744 1060 806 1114; x_wconf 88' lang='lat' dir='ltr'><strong>quae</strong></span> <span class='ocrx_word' id='word_1_56' title='bbox 813 1042 877 1118; x_wconf 88' lang='lat' dir='ltr'><strong>jure</strong></span> <span class='ocrx_word' id='word_1_57' title='bbox 887 1042 1081 1100; x_wconf 86' lang='lat' dir='ltr'><strong>ecclesiastico</strong></span> <span class='ocrx_word' id='word_1_58' title='bbox 1095 1042 1210 1100; x_wconf 91' lang='lat' dir='ltr'><strong>inducta</strong></span> 
     </span>
     <span class='ocr_line' id='line_1_8' title="bbox 114 1140 1208 1217; baseline 0 -19"><span class='ocrx_word' id='word_1_59' title='bbox 114 1150 160 1198; x_wconf 90' lang='lat' dir='ltr'><strong>est</strong></span> <span class='ocrx_word' id='word_1_60' title='bbox 179 1141 313 1217; x_wconf 87' lang='lat' dir='ltr'><strong>baptismi</strong></span> <span class='ocrx_word' id='word_1_61' title='bbox 337 1140 381 1198; x_wconf 91' lang='lat' dir='ltr'><strong>vel</strong></span> <span class='ocrx_word' id='word_1_62' title='bbox 404 1140 628 1199; x_wconf 85' lang='lat' dir='ltr'><strong>confirmationis</strong></span> <span class='ocrx_word' id='word_1_63' title='bbox 648 1141 768 1198; x_wconf 89' lang='lat' dir='ltr'><strong>ratione.</strong></span> <span class='ocrx_word' id='word_1_64' title='bbox 811 1140 934 1217; x_wconf 90' lang='lat' dir='ltr'><strong>lrnpedit</strong></span> <span class='ocrx_word' id='word_1_65' title='bbox 948 1160 983 1200; x_wconf 87' lang='lat' dir='ltr'><strong>nc</strong></span> <span class='ocrx_word' id='word_1_66' title='bbox 998 1141 1208 1200; x_wconf 89' lang='lat' dir='ltr'><strong>matrimonium</strong></span> 
     </span>
     <span class='ocr_line' id='line_1_9' title="bbox 115 1239 1210 1318; baseline 0 -21"><span class='ocrx_word' id='word_1_67' title='bbox 115 1240 211 1298; x_wconf 88' lang='lat' dir='ltr'><strong>valeat</strong></span> <span class='ocrx_word' id='word_1_68' title='bbox 223 1241 295 1298; x_wconf 88' lang='lat' dir='ltr'><strong>inter</strong></span> <span class='ocrx_word' id='word_1_69' title='bbox 308 1241 499 1316; x_wconf 89' lang='lat' dir='ltr'><strong>baptizantem</strong></span> <span class='ocrx_word' id='word_1_70' title='bbox 519 1249 547 1296; x_wconf 94' lang='lat' dir='ltr'><strong>et</strong></span> <span class='ocrx_word' id='word_1_71' title='bbox 566 1241 751 1316; x_wconf 86' lang='lat' dir='ltr'><strong>baptizatum,</strong></span> <span class='ocrx_word' id='word_1_72' title='bbox 772 1239 962 1316; x_wconf 88' lang='lat' dir='ltr'><strong>baptizatique</strong></span> <span class='ocrx_word' id='word_1_73' title='bbox 976 1251 1085 1318; x_wconf 86' lang='lat' dir='ltr'><strong>patrem</strong></span> <span class='ocrx_word' id='word_1_74' title='bbox 1099 1250 1126 1297; x_wconf 90' lang='lat' dir='ltr'><strong>et</strong></span> <span class='ocrx_word' id='word_1_75' title='bbox 1140 1251 1210 1299; x_wconf 91' lang='lat' dir='ltr'><strong>mat·</strong></span> 
     </span>
     <span class='ocr_line' id='line_1_10' title="bbox 115 1327 1209 1416; baseline 0.001 -20"><span class='ocrx_word' id='word_1_76' title='bbox 115 1357 190 1407; x_wconf 90' lang='lat' dir='ltr'><strong>rem,</strong></span> <span class='ocrx_word' id='word_1_77' title='bbox 212 1341 258 1398; x_wconf 88' lang='lat' dir='ltr'><strong>vel</strong></span> <span class='ocrx_word' id='word_1_78' title='bbox 278 1327 351 1398; x_wconf 87' lang='lat' dir='ltr'><strong>inter</strong></span> <span class='ocrx_word' id='word_1_79' title='bbox 370 1349 566 1416; x_wconf 85' lang='lat' dir='ltr'><strong>susceptorem</strong></span> <span class='ocrx_word' id='word_1_80' title='bbox 588 1340 749 1397; x_wconf 89' lang='lat' dir='ltr'><strong>alterutrum</strong></span> <span class='ocrx_word' id='word_1_81' title='bbox 770 1351 799 1397; x_wconf 87' lang='lat' dir='ltr'><strong>et</strong></span> <span class='ocrx_word' id='word_1_82' title='bbox 819 1341 1003 1416; x_wconf 87' lang='lat' dir='ltr'><strong>baptizatum,</strong></span> <span class='ocrx_word' id='word_1_83' title='bbox 1017 1341 1209 1416; x_wconf 88' lang='lat' dir='ltr'><strong>baptizatique</strong></span> 
     </span>
     <span class='ocr_line' id='line_1_11' title="bbox 116 1439 1211 1515; baseline 0.002 -20"><span class='ocrx_word' id='word_1_84' title='bbox 116 1449 228 1515; x_wconf 90' lang='lat' dir='ltr'><strong>patrem</strong></span> <span class='ocrx_word' id='word_1_85' title='bbox 243 1449 270 1496; x_wconf 92' lang='lat' dir='ltr'><strong>et</strong></span> <span class='ocrx_word' id='word_1_86' title='bbox 283 1447 420 1497; x_wconf 90' lang='lat' dir='ltr'><strong>matrem:</strong></span> <span class='ocrx_word' id='word_1_87' title='bbox 442 1441 510 1497; x_wconf 91' lang='lat' dir='ltr'><strong>item</strong></span> <span class='ocrx_word' id='word_1_88' title='bbox 533 1439 603 1496; x_wconf 88' lang='lat' dir='ltr'><strong>inter</strong></span> <span class='ocrx_word' id='word_1_89' title='bbox 624 1439 839 1496; x_wconf 89' lang='lat' dir='ltr'><strong>confirmantem</strong></span> <span class='ocrx_word' id='word_1_90' title='bbox 863 1450 892 1497; x_wconf 92' lang='lat' dir='ltr'><strong>et</strong></span> <span class='ocrx_word' id='word_1_91' title='bbox 911 1440 1120 1505; x_wconf 88' lang='lat' dir='ltr'><strong>confirmatum,</strong></span> <span class='ocrx_word' id='word_1_92' title='bbox 1144 1458 1211 1498; x_wconf 91' lang='lat' dir='ltr'><strong>cou-</strong></span> 
     </span>
     <span class='ocr_line' id='line_1_12' title="bbox 115 1530 1211 1615; baseline 0.001 -20"><span class='ocrx_word' id='word_1_93' title='bbox 115 1538 278 1610; x_wconf 90' lang='lat' dir='ltr'><strong>tirmatique</strong></span> <span class='ocrx_word' id='word_1_94' title='bbox 292 1548 401 1615; x_wconf 89' lang='lat' dir='ltr'><strong>patrem</strong></span> <span class='ocrx_word' id='word_1_95' title='bbox 414 1548 443 1596; x_wconf 89' lang='lat' dir='ltr'><strong>et</strong></span> <span class='ocrx_word' id='word_1_96' title='bbox 456 1530 602 1595; x_wconf 81' lang='lat' dir='ltr'><strong>matrem.²</strong></span> <span class='ocrx_word' id='word_1_97' title='bbox 642 1538 701 1596; x_wconf 78' lang='lat' dir='ltr'><strong>Sed</strong></span> <span class='ocrx_word' id='word_1_98' title='bbox 715 1538 786 1596; x_wconf 91' lang='lat' dir='ltr'><strong>nihil</strong></span> <span class='ocrx_word' id='word_1_99' title='bbox 798 1541 890 1597; x_wconf 90' lang='lat' dir='ltr'>obstat</span> <span class='ocrx_word' id='word_1_100' title='bbox 899 1557 935 1596; x_wconf 89' lang='lat' dir='ltr'><strong>ne</strong></span> <span class='ocrx_word' id='word_1_101' title='bbox 945 1549 1126 1615; x_wconf 81' lang='lat' dir='ltr'><strong>susceptores</strong></span> <span class='ocrx_word' id='word_1_102' title='bbox 1138 1539 1211 1596; x_wconf 89' lang='lat' dir='ltr'><strong>iuter</strong></span> 
     </span>
     <span class='ocr_line' id='line_1_13' title="bbox 115 1638 339 1696; baseline 0.009 -2"><span class='ocrx_word' id='word_1_103' title='bbox 115 1655 150 1695; x_wconf 90' lang='lat' dir='ltr'><strong>se</strong></span> <span class='ocrx_word' id='word_1_104' title='bbox 164 1638 339 1696; x_wconf 84' lang='lat' dir='ltr'><strong>contrahant</strong></span> 
     </span>
    </p>

    <p class='ocr_par' dir='ltr' id='par_1_3' title="bbox 117 1731 1213 2510">
     <span class='ocr_line' id='line_1_14' title="bbox 162 1731 1212 1813; baseline 0.002 -20"><span class='ocrx_word' id='word_1_105' title='bbox 162 1740 229 1796; x_wconf 86' lang='grc'><strong>147.</strong></span> <span class='ocrx_word' id='word_1_106' title='bbox 251 1737 321 1796; x_wconf 91' lang='lat' dir='ltr'><strong>Nou</strong></span> <span class='ocrx_word' id='word_1_107' title='bbox 345 1736 519 1794; x_wconf 89' lang='lat' dir='ltr'><strong>contrahitur</strong></span> <span class='ocrx_word' id='word_1_108' title='bbox 539 1736 672 1813; x_wconf 88' lang='lat' dir='ltr'><strong>coguatio</strong></span> <span class='ocrx_word' id='word_1_109' title='bbox 693 1746 912 1812; x_wconf 88' lang='lat' dir='ltr'><strong>aprocuratore‚</strong></span> <span class='ocrx_word' id='word_1_110' title='bbox 933 1737 984 1795; x_wconf 83' lang='lat' dir='ltr'><strong>sed</strong></span> <span class='ocrx_word' id='word_1_111' title='bbox 998 1731 1212 1795; x_wconf 75' lang='grc'><strong>1111111111111113</strong></span> 
     </span>
     <span class='ocr_line' id='line_1_15' title="bbox 117 1835 1211 1912; baseline 0 -19"><span class='ocrx_word' id='word_1_112' title='bbox 117 1835 171 1893; x_wconf 90' lang='lat' dir='ltr'><strong>sed</strong></span> <span class='ocrx_word' id='word_1_113' title='bbox 185 1837 210 1894; x_wconf 90' lang='lat' dir='ltr'><strong>si</strong></span> <span class='ocrx_word' id='word_1_114' title='bbox 224 1838 288 1910; x_wconf 87' lang='lat' dir='ltr'><strong>quis</strong></span> <span class='ocrx_word' id='word_1_115' title='bbox 301 1836 416 1895; x_wconf 87' lang='lat' dir='ltr'><strong>alterius</strong></span> <span class='ocrx_word' id='word_1_116' title='bbox 431 1836 545 1894; x_wconf 87' lang='lat' dir='ltr'><strong>nomine</strong></span> <span class='ocrx_word' id='word_1_117' title='bbox 560 1836 697 1912; x_wconf 89' lang='lat' dir='ltr'><strong>suscipiat</strong></span> <span class='ocrx_word' id='word_1_118' title='bbox 710 1835 848 1895; x_wconf 84' lang='lat' dir='ltr'><strong>infantem</strong></span> <span class='ocrx_word' id='word_1_119' title='bbox 861 1837 968 1908; x_wconf 89' lang='lat' dir='ltr'><strong>absque</strong></span> <span class='ocrx_word' id='word_1_120' title='bbox 982 1836 1127 1904; x_wconf 88' lang='lat' dir='ltr'><strong>mandato,</strong></span> <span class='ocrx_word' id='word_1_121' title='bbox 1141 1855 1211 1894; x_wconf 90' lang='lat' dir='ltr'><strong>neu·</strong></span> 
     </span>
     <span class='ocr_line' id='line_1_16' title="bbox 118 1934 1212 2008; baseline 0 -16"><span class='ocrx_word' id='word_1_122' title='bbox 118 1946 162 1993; x_wconf 90' lang='lat' dir='ltr'><strong>ter</strong></span> <span class='ocrx_word' id='word_1_123' title='bbox 176 1954 239 1993; x_wconf 90' lang='lat' dir='ltr'><strong>eam</strong></span> <span class='ocrx_word' id='word_1_124' title='bbox 253 1935 422 1996; x_wconf 87' lang='lat' dir='ltr'><strong>contrahere</strong></span> <span class='ocrx_word' id='word_1_125' title='bbox 436 1934 563 1993; x_wconf 90' lang='lat' dir='ltr'><strong>videtur:</strong></span> <span class='ocrx_word' id='word_1_126' title='bbox 588 1954 645 1992; x_wconf 90' lang='lat' dir='ltr'><strong>non</strong></span> <span class='ocrx_word' id='word_1_127' title='bbox 667 1934 783 2008; x_wconf 89' lang='lat' dir='ltr'><strong>quidem</strong></span> <span class='ocrx_word' id='word_1_128' title='bbox 804 1936 861 2003; x_wconf 89' lang='lat' dir='ltr'><strong>hic,</strong></span> <span class='ocrx_word' id='word_1_129' title='bbox 887 1954 975 2008; x_wconf 90' lang='lat' dir='ltr'><strong>quum</strong></span> <span class='ocrx_word' id='word_1_130' title='bbox 998 1954 1057 1994; x_wconf 89' lang='lat' dir='ltr'><strong>nou</strong></span> <span class='ocrx_word' id='word_1_131' title='bbox 1080 1954 1144 2003; x_wconf 88' lang='lat' dir='ltr'><strong>suo,</strong></span> <span class='ocrx_word' id='word_1_132' title='bbox 1159 1935 1212 1992; x_wconf 90' lang='lat' dir='ltr'><strong>sed</strong></span> 
     </span>
     <span class='ocr_line' id='line_1_17' title="bbox 117 2033 1212 2112; baseline -0.001 -19"><span class='ocrx_word' id='word_1_133' title='bbox 117 2035 235 2093; x_wconf 91' lang='lat' dir='ltr'><strong>alterius</strong></span> <span class='ocrx_word' id='word_1_134' title='bbox 249 2036 364 2095; x_wconf 85' lang='lat' dir='ltr'><strong>nomine</strong></span> <span class='ocrx_word' id='word_1_135' title='bbox 378 2045 460 2112; x_wconf 90' lang='lat' dir='ltr'><strong>agat;</strong></span> <span class='ocrx_word' id='word_1_136' title='bbox 481 2053 534 2092; x_wconf 92' lang='lat' dir='ltr'><strong>nec</strong></span> <span class='ocrx_word' id='word_1_137' title='bbox 555 2033 633 2101; x_wconf 89' lang='lat' dir='ltr'><strong>alter,</strong></span> <span class='ocrx_word' id='word_1_138' title='bbox 656 2053 744 2107; x_wconf 88' lang='lat' dir='ltr'><strong>quum</strong></span> <span class='ocrx_word' id='word_1_139' title='bbox 765 2035 838 2094; x_wconf 92' lang='lat' dir='ltr'><strong>nihil</strong></span> <span class='ocrx_word' id='word_1_140' title='bbox 860 2034 969 2105; x_wconf 85' lang='lat' dir='ltr'><strong>fecerit,</strong></span> <span class='ocrx_word' id='word_1_141' title='bbox 994 2054 1051 2108; x_wconf 90' lang='lat' dir='ltr'><strong>quo</strong></span> <span class='ocrx_word' id='word_1_142' title='bbox 1065 2053 1129 2093; x_wconf 91' lang='lat' dir='ltr'><strong>eam</strong></span> <span class='ocrx_word' id='word_1_143' title='bbox 1145 2053 1212 2093; x_wconf 89' lang='lat' dir='ltr'><strong>corr-</strong></span> 
     </span>
     <span class='ocr_line' id='line_1_18' title="bbox 118 2133 1213 2212; baseline -0.001 -20"><span class='ocrx_word' id='word_1_144' title='bbox 118 2133 229 2192; x_wconf 88' lang='lat' dir='ltr'><strong>trahere</strong></span> <span class='ocrx_word' id='word_1_145' title='bbox 242 2136 352 2212; x_wconf 88' lang='lat' dir='ltr'><strong>possit:</strong></span> <span class='ocrx_word' id='word_1_146' title='bbox 375 2151 457 2193; x_wconf 90' lang='lat' dir='ltr'><strong>secus</strong></span> <span class='ocrx_word' id='word_1_147' title='bbox 481 2134 506 2191; x_wconf 92' lang='lat' dir='ltr'><strong>si</strong></span> <span class='ocrx_word' id='word_1_148' title='bbox 527 2135 704 2192; x_wconf 80' lang='lat' dir='ltr'><strong>&#39;consenserit</strong></span> <span class='ocrx_word' id='word_1_149' title='bbox 727 2134 773 2192; x_wconf 91' lang='lat' dir='ltr'><strong>lric</strong></span> <span class='ocrx_word' id='word_1_150' title='bbox 787 2136 816 2194; x_wconf 93' lang='lat' dir='ltr'><strong>in</strong></span> <span class='ocrx_word' id='word_1_151' title='bbox 831 2153 935 2192; x_wconf 88' lang='lat' dir='ltr'><strong>munus</strong></span> <span class='ocrx_word' id='word_1_152' title='bbox 949 2136 1064 2211; x_wconf 90' lang='lat' dir='ltr'><strong>patrini,</strong></span> <span class='ocrx_word' id='word_1_153' title='bbox 1079 2135 1213 2208; x_wconf 87' lang='lat' dir='ltr'><strong>quamvis</strong></span> 
     </span>
     <span class='ocr_line' id='line_1_19' title="bbox 118 2233 1212 2312; baseline 0 -20"><span class='ocrx_word' id='word_1_154' title='bbox 118 2253 179 2292; x_wconf 90' lang='lat' dir='ltr'><strong>non</strong></span> <span class='ocrx_word' id='word_1_155' title='bbox 202 2233 394 2312; x_wconf 84' lang='lat' dir='ltr'><strong>designaverit</strong></span> <span class='ocrx_word' id='word_1_156' title='bbox 415 2242 645 2310; x_wconf 66' lang='lat' dir='ltr'><strong>procuratorem</strong></span> <span class='ocrx_word' id='word_1_157' title='bbox 677 2235 725 2306; x_wconf 91' lang='lat' dir='ltr'><strong>qui</strong></span> <span class='ocrx_word' id='word_1_158' title='bbox 746 2235 822 2293; x_wconf 91' lang='lat' dir='ltr'><strong>euim</strong></span> <span class='ocrx_word' id='word_1_159' title='bbox 846 2234 982 2294; x_wconf 86' lang='lat' dir='ltr'><strong>infantem</strong></span> <span class='ocrx_word' id='word_1_160' title='bbox 1006 2236 1069 2312; x_wconf 85' lang='lat' dir='ltr'><strong>ejus</strong></span> <span class='ocrx_word' id='word_1_161' title='bbox 1094 2235 1212 2292; x_wconf 89' lang='lat' dir='ltr'><strong>nomine</strong></span> 
     </span>
     <span class='ocr_line' id='line_1_20' title="bbox 117 2331 1212 2411; baseline -0.001 -20"><span class='ocrx_word' id='word_1_162' title='bbox 117 2332 249 2409; x_wconf 87' lang='lat' dir='ltr'><strong>suscipit,</strong></span> <span class='ocrx_word' id='word_1_163' title='bbox 275 2335 353 2392; x_wconf 84' lang='lat' dir='ltr'><strong>vices</strong></span> <span class='ocrx_word' id='word_1_164' title='bbox 380 2333 442 2411; x_wconf 87' lang='lat' dir='ltr'><strong>ejus</strong></span> <span class='ocrx_word' id='word_1_165' title='bbox 464 2334 546 2410; x_wconf 84' lang='lat' dir='ltr'><strong>gerit.</strong></span> <span class='ocrx_word' id='word_1_166' title='bbox 589 2331 757 2408; x_wconf 87' lang='lat' dir='ltr'><strong>Suscipieus</strong></span> <span class='ocrx_word' id='word_1_167' title='bbox 786 2353 906 2411; x_wconf 89' lang='lat' dir='ltr'><strong>puerum</strong></span> <span class='ocrx_word' id='word_1_168' title='bbox 935 2352 1020 2407; x_wconf 89' lang='lat' dir='ltr'><strong>quem</strong></span> <span class='ocrx_word' id='word_1_169' title='bbox 1044 2345 1123 2410; x_wconf 91' lang='lat' dir='ltr'><strong>putat</strong></span> <span class='ocrx_word' id='word_1_170' title='bbox 1148 2352 1212 2391; x_wconf 89' lang='lat' dir='ltr'><strong>esse</strong></span> 
     </span>
     <span class='ocr_line' id='line_1_21' title="bbox 119 2431 1151 2510; baseline 0.001 -20"><span class='ocrx_word' id='word_1_171' title='bbox 119 2432 219 2499; x_wconf 88' lang='lat' dir='ltr'><strong>alium,</strong></span> <span class='ocrx_word' id='word_1_172' title='bbox 233 2451 291 2491; x_wconf 90' lang='lat' dir='ltr'><strong>non</strong></span> <span class='ocrx_word' id='word_1_173' title='bbox 303 2431 445 2491; x_wconf 87' lang='lat' dir='ltr'><strong>contrahit</strong></span> <span class='ocrx_word' id='word_1_174' title='bbox 457 2432 666 2509; x_wconf 86' lang='lat' dir='ltr'><strong>cognationem,</strong></span> <span class='ocrx_word' id='word_1_175' title='bbox 682 2450 735 2488; x_wconf 87' lang='lat' dir='ltr'><strong>neo</strong></span> <span class='ocrx_word' id='word_1_176' title='bbox 748 2435 824 2491; x_wconf 88' lang='lat' dir='ltr'><strong>enim</strong></span> <span class='ocrx_word' id='word_1_177' title='bbox 838 2434 977 2491; x_wconf 87' lang='lat' dir='ltr'><strong>vulteum</strong></span> <span class='ocrx_word' id='word_1_178' title='bbox 992 2435 1151 2510; x_wconf 88' lang='lat' dir='ltr'><strong>suscipere.</strong></span> 
     </span>
    </p>

    <p class='ocr_par' dir='ltr' id='par_1_4' title="bbox 70 2530 1214 3303">
     <span class='ocr_line' id='line_1_22' title="bbox 163 2530 1213 2608; baseline 0.003 -21"><span class='ocrx_word' id='word_1_179' title='bbox 163 2534 231 2588; x_wconf 86' lang='grc'><strong>148.</strong></span> <span class='ocrx_word' id='word_1_180' title='bbox 252 2531 374 2590; x_wconf 89' lang='lat' dir='ltr'><strong>Indulsit</strong></span> <span class='ocrx_word' id='word_1_181' title='bbox 393 2530 557 2589; x_wconf 81' lang='lat' dir='ltr'><strong>Alexander</strong></span> <span class='ocrx_word' id='word_1_182' title='bbox 571 2530 625 2588; x_wconf 91' lang='lat'>111.</span> <span class='ocrx_word' id='word_1_183' title='bbox 641 2540 672 2587; x_wconf 89' lang='lat' dir='ltr'><strong>ut</strong></span> <span class='ocrx_word' id='word_1_184' title='bbox 684 2531 737 2597; x_wconf 86' lang='lat' dir='ltr'><strong>vir,</strong></span> <span class='ocrx_word' id='word_1_185' title='bbox 758 2532 802 2588; x_wconf 89' lang='lat' dir='ltr'><strong>vel</strong></span> <span class='ocrx_word' id='word_1_186' title='bbox 816 2531 928 2598; x_wconf 89' lang='lat' dir='ltr'><strong>mulier,</strong></span> <span class='ocrx_word' id='word_1_187' title='bbox 943 2533 1087 2608; x_wconf 87' lang='lat' dir='ltr'><strong>propriam</strong></span> <span class='ocrx_word' id='word_1_188' title='bbox 1102 2533 1213 2607; x_wconf 90' lang='lat' dir='ltr'><strong>prolem</strong></span> 
     </span>
     <span class='ocr_line' id='line_1_23' title="bbox 120 2629 1213 2708; baseline -0.003 -19"><span class='ocrx_word' id='word_1_189' title='bbox 120 2649 159 2689; x_wconf 84' lang='lat' dir='ltr'><strong>ex</strong></span> <span class='ocrx_word' id='word_1_190' title='bbox 183 2630 342 2706; x_wconf 83' lang='lat' dir='ltr'><strong>ignorantia</strong></span> <span class='ocrx_word' id='word_1_191' title='bbox 363 2631 535 2708; x_wconf 85' lang='lat' dir='ltr'><strong>suscipiens,</strong></span> <span class='ocrx_word' id='word_1_192' title='bbox 557 2630 673 2687; x_wconf 87' lang='lat' dir='ltr'><strong>vetitum</strong></span> <span class='ocrx_word' id='word_1_193' title='bbox 698 2629 807 2688; x_wconf 84' lang='lat' dir='ltr'><strong>scilicet</strong></span> <span class='ocrx_word' id='word_1_194' title='bbox 827 2629 967 2688; x_wconf 81' lang='lat' dir='ltr'><strong>Ecclesiae</strong></span> <span class='ocrx_word' id='word_1_195' title='bbox 988 2631 1133 2707; x_wconf 87' lang='lat' dir='ltr'><strong>ignorans,</strong></span> <span class='ocrx_word' id='word_1_196' title='bbox 1156 2648 1213 2688; x_wconf 93' lang='lat' dir='ltr'><strong>non</strong></span> 
     </span>
     <span class='ocr_line' id='line_1_24' title="bbox 119 2714 1212 2806; baseline -0.002 -18"><span class='ocrx_word' id='word_1_197' title='bbox 119 2730 301 2788; x_wconf 89' lang='lat' dir='ltr'><strong>contraheret</strong></span> <span class='ocrx_word' id='word_1_198' title='bbox 313 2731 511 2806; x_wconf 89' lang='lat' dir='ltr'><strong>cognationem</strong></span> <span class='ocrx_word' id='word_1_199' title='bbox 526 2729 712 2805; x_wconf 89' lang='lat' dir='ltr'><strong>spiritualem,</strong></span> <span class='ocrx_word' id='word_1_200' title='bbox 735 2714 846 2800; x_wconf 71' lang='lat' dir='ltr'><strong>qua&#39;ab</strong></span> <span class='ocrx_word' id='word_1_201' title='bbox 867 2747 921 2785; x_wconf 91' lang='lat' dir='ltr'><strong>usu</strong></span> <span class='ocrx_word' id='word_1_202' title='bbox 945 2730 1071 2805; x_wconf 88' lang='lat' dir='ltr'><strong>conjugii</strong></span> <span class='ocrx_word' id='word_1_203' title='bbox 1092 2728 1212 2804; x_wconf 90' lang='lat' dir='ltr'><strong>impedi·</strong></span> 
     </span>
     <span class='ocr_line' id='line_1_25' title="bbox 119 2823 1214 2905; baseline -0.003 -18"><span class='ocrx_word' id='word_1_204' title='bbox 119 2823 244 2887; x_wconf 79' lang='lat' dir='ltr'><strong>rentur.⁴</strong></span> <span class='ocrx_word' id='word_1_205' title='bbox 283 2829 332 2886; x_wconf 87' lang='lat' dir='ltr'><strong>Ex</strong></span> <span class='ocrx_word' id='word_1_206' title='bbox 342 2831 511 2886; x_wconf 88' lang='lat' dir='ltr'><strong>necessitate</strong></span> <span class='ocrx_word' id='word_1_207' title='bbox 523 2829 671 2904; x_wconf 87' lang='lat' dir='ltr'><strong>baptizans</strong></span> <span class='ocrx_word' id='word_1_208' title='bbox 686 2827 795 2905; x_wconf 89' lang='lat' dir='ltr'><strong>prolem</strong></span> <span class='ocrx_word' id='word_1_209' title='bbox 814 2828 970 2904; x_wconf 85' lang='lat' dir='ltr'><strong>legitimam</strong></span> <span class='ocrx_word' id='word_1_210' title='bbox 991 2846 1051 2884; x_wconf 92' lang='lat' dir='ltr'><strong>non</strong></span> <span class='ocrx_word' id='word_1_211' title='bbox 1073 2827 1214 2885; x_wconf 90' lang='lat' dir='ltr'><strong>contrahit</strong></span> 
     </span>
     <span class='ocr_line' id='line_1_26' title="bbox 121 2927 745 3005; baseline -0.005 -18"><span class='ocrx_word' id='word_1_212' title='bbox 121 2929 335 3005; x_wconf 70' lang='lat' dir='ltr'><strong>cognationem</strong></span> <span class='ocrx_word' id='word_1_213' title='bbox 350 2945 433 2986; x_wconf 86' lang='lat' dir='ltr'><strong>secus</strong></span> <span class='ocrx_word' id='word_1_214' title='bbox 447 2930 473 2987; x_wconf 89' lang='lat' dir='ltr'><strong>si</strong></span> <span class='ocrx_word' id='word_1_215' title='bbox 487 2946 546 3004; x_wconf 85' lang='lat' dir='ltr'><strong>non</strong></span> <span class='ocrx_word' id='word_1_216' title='bbox 560 2928 597 2985; x_wconf 89' lang='lat' dir='ltr'><strong>sit</strong></span> <span class='ocrx_word' id='word_1_217' title='bbox 610 2927 745 3004; x_wconf 87' lang='lat' dir='ltr'><strong>legitima.</strong></span> 
     </span>
     <span class='ocr_line' id='line_1_27' title="bbox 70 3024 1213 3103; baseline -0.003 -19"><span class='ocrx_word' id='word_1_218' title='bbox 70 3090 72 3094; x_wconf 14' lang='lat'><em>7</em></span> <span class='ocrx_word' id='word_1_219' title='bbox 163 3030 231 3085; x_wconf 90' lang='grc'><strong>149.</strong></span> <span class='ocrx_word' id='word_1_220' title='bbox 253 3027 346 3085; x_wconf 83' lang='lat' dir='ltr'><strong>Extra</strong></span> <span class='ocrx_word' id='word_1_221' title='bbox 356 3027 528 3103; x_wconf 88' lang='lat' dir='ltr'><strong>baptismum</strong></span> <span class='ocrx_word' id='word_1_222' title='bbox 540 3026 706 3094; x_wconf 87' lang='lat' dir='ltr'><strong>solemnem,</strong></span> <span class='ocrx_word' id='word_1_223' title='bbox 719 3027 768 3098; x_wconf 89' lang='lat' dir='ltr'><strong>qui</strong></span> <span class='ocrx_word' id='word_1_224' title='bbox 781 3026 891 3084; x_wconf 86' lang='lat' dir='ltr'><strong>scilicet</strong></span> <span class='ocrx_word' id='word_1_225' title='bbox 900 3026 932 3083; x_wconf 88' lang='lat' dir='ltr'><strong>fu</strong></span> <span class='ocrx_word' id='word_1_226' title='bbox 945 3026 1122 3084; x_wconf 79' lang='lat' dir='ltr'><strong>ceremoniis</strong></span> <span class='ocrx_word' id='word_1_227' title='bbox 1136 3024 1213 3082; x_wconf 90' lang='lat' dir='ltr'><strong>adhi·</strong></span> 
     </span>
     <span class='ocr_line' id='line_1_28' title="bbox 119 3124 1212 3204; baseline -0.002 -20"><span class='ocrx_word' id='word_1_228' title='bbox 119 3126 198 3194; x_wconf 88' lang='lat' dir='ltr'><strong>bitis,</strong></span> <span class='ocrx_word' id='word_1_229' title='bbox 221 3127 353 3204; x_wconf 89' lang='lat' dir='ltr'><strong>cognatio</strong></span> <span class='ocrx_word' id='word_1_230' title='bbox 376 3145 434 3187; x_wconf 87' lang='lat' dir='ltr'><strong>nou</strong></span> <span class='ocrx_word' id='word_1_231' title='bbox 455 3125 629 3186; x_wconf 91' lang='lat' dir='ltr'><strong>contrahitur</strong></span> <span class='ocrx_word' id='word_1_232' title='bbox 648 3146 664 3183; x_wconf 93' lang='lat' dir='ltr'><strong>a</strong></span> <span class='ocrx_word' id='word_1_233' title='bbox 686 3136 862 3202; x_wconf 87' lang='lat' dir='ltr'><strong>susceptore,</strong></span> <span class='ocrx_word' id='word_1_234' title='bbox 884 3144 921 3183; x_wconf 86' lang='lat' dir='ltr'><strong>ex</strong></span> <span class='ocrx_word' id='word_1_235' title='bbox 936 3125 1088 3184; x_wconf 90' lang='lat' dir='ltr'><strong>multorum</strong></span> <span class='ocrx_word' id='word_1_236' title='bbox 1102 3124 1212 3182; x_wconf 91' lang='lat' dir='ltr'><strong>theolo-</strong></span> 
     </span>
     <span class='ocr_line' id='line_1_29' title="bbox 121 3227 386 3303; baseline 0 -20"><span class='ocrx_word' id='word_1_237' title='bbox 121 3243 225 3303; x_wconf 84' lang='lat' dir='ltr'><strong>gorum</strong></span> <span class='ocrx_word' id='word_1_238' title='bbox 238 3227 386 3285; x_wconf 89' lang='lat' dir='ltr'><strong>sententia.</strong></span> 
     </span>
    </p>

    <p class='ocr_par' dir='ltr' id='par_1_5' title="bbox 120 3314 1214 3584">
     <span class='ocr_line' id='line_1_30' title="bbox 165 3314 1214 3402; baseline -0.001 -21"><span class='ocrx_word' id='word_1_239' title='bbox 165 3328 233 3382; x_wconf 87' lang='lat'>150.</span> <span class='ocrx_word' id='word_1_240' title='bbox 255 3314 362 3399; x_wconf 83' lang='lat' dir='ltr'><strong>Si&#39;quis</strong></span> <span class='ocrx_word' id='word_1_241' title='bbox 376 3325 477 3384; x_wconf 90' lang='lat' dir='ltr'><strong>coierit</strong></span> <span class='ocrx_word' id='word_1_242' title='bbox 489 3342 554 3383; x_wconf 92' lang='lat' dir='ltr'><strong>cum</strong></span> <span class='ocrx_word' id='word_1_243' title='bbox 568 3343 601 3381; x_wconf 91' lang='lat' dir='ltr'><strong>ca</strong></span> <span class='ocrx_word' id='word_1_244' title='bbox 614 3343 681 3382; x_wconf 92' lang='lat' dir='ltr'><strong>cum</strong></span> <span class='ocrx_word' id='word_1_245' title='bbox 695 3343 751 3397; x_wconf 89' lang='lat' dir='ltr'><strong>qua</strong></span> <span class='ocrx_word' id='word_1_246' title='bbox 764 3325 904 3401; x_wconf 90' lang='lat' dir='ltr'><strong>spirituali</strong></span> <span class='ocrx_word' id='word_1_247' title='bbox 915 3325 1086 3402; x_wconf 85' lang='lat' dir='ltr'><strong>cognatione</strong></span> <span class='ocrx_word' id='word_1_248' title='bbox 1096 3324 1214 3400; x_wconf 89' lang='lat' dir='ltr'><strong>coujun-</strong></span> 
     </span>
     <span class='ocr_line' id='line_1_31' title="bbox 120 3423 1214 3501; baseline -0.002 -19"><span class='ocrx_word' id='word_1_249' title='bbox 120 3425 207 3501; x_wconf 84' lang='lat' dir='ltr'><strong>gitur,</strong></span> <span class='ocrx_word' id='word_1_250' title='bbox 220 3426 339 3493; x_wconf 84' lang='lat' dir='ltr'><strong>crimen,</strong></span> <span class='ocrx_word' id='word_1_251' title='bbox 354 3424 428 3483; x_wconf 88' lang='lat' dir='ltr'><strong>sicut</strong></span> <span class='ocrx_word' id='word_1_252' title='bbox 440 3433 468 3482; x_wconf 91' lang='lat' dir='ltr'><strong>et</strong></span> <span class='ocrx_word' id='word_1_253' title='bbox 479 3425 612 3501; x_wconf 89' lang='lat' dir='ltr'><strong>cognatio</strong></span> <span class='ocrx_word' id='word_1_254' title='bbox 623 3425 828 3501; x_wconf 84' lang='lat' dir='ltr'><strong>exponendum</strong></span> <span class='ocrx_word' id='word_1_255' title='bbox 843 3433 897 3493; x_wconf 90' lang='lat' dir='ltr'><strong>est,</strong></span> <span class='ocrx_word' id='word_1_256' title='bbox 908 3435 939 3484; x_wconf 93' lang='lat' dir='ltr'><strong>ut</strong></span> <span class='ocrx_word' id='word_1_257' title='bbox 952 3425 1088 3483; x_wconf 91' lang='lat' dir='ltr'><strong>habeatur</strong></span> <span class='ocrx_word' id='word_1_258' title='bbox 1101 3423 1214 3501; x_wconf 87' lang='lat' dir='ltr'><strong>dispeu-</strong></span> 
     </span>
     <span class='ocr_line' id='line_1_32' title="bbox 122 3517 668 3584; baseline 0.005 -4"><span class='ocrx_word' id='word_1_259' title='bbox 122 3523 196 3581; x_wconf 88' lang='lat' dir='ltr'><strong>satio</strong></span> <span class='ocrx_word' id='word_1_260' title='bbox 210 3522 247 3580; x_wconf 89' lang='lat' dir='ltr'><strong>ad</strong></span> <span class='ocrx_word' id='word_1_261' title='bbox 260 3524 471 3584; x_wconf 89' lang='lat' dir='ltr'><strong>matrimonium</strong></span> <span class='ocrx_word' id='word_1_262' title='bbox 484 3517 668 3583; x_wconf 86' lang='lat' dir='ltr'><strong>ineundum.⁵</strong></span> 
     </span>
    </p>
   </div>
   <div class='ocr_carea' id='block_1_3' title="bbox 122 3725 1215 4198">
    <p class='ocr_par' dir='ltr' id='par_1_6' title="bbox 159 3725 1179 3792">
     <span class='ocr_line' id='line_1_33' title="bbox 159 3725 1179 3792; baseline -0.004 -18"><span class='ocrx_word' id='word_1_263' title='bbox 159 3728 202 3792; x_wconf 90' lang='lat'><strong>(1)</strong></span> <span class='ocrx_word' id='word_1_264' title='bbox 222 3725 261 3775; x_wconf 89' lang='lat' dir='ltr'><strong>De</strong></span> <span class='ocrx_word' id='word_1_265' title='bbox 272 3725 429 3776; x_wconf 81' lang='lat' dir='ltr'><strong>Matrimonio</strong></span> <span class='ocrx_word' id='word_1_266' title='bbox 440 3742 461 3776; x_wconf 89' lang='grc'><strong>1.</strong></span> <span class='ocrx_word' id='word_1_267' title='bbox 473 3727 507 3777; x_wconf 92' lang='lat' dir='ltr'><strong>iii.</strong></span> <span class='ocrx_word' id='word_1_268' title='bbox 518 3743 560 3791; x_wconf 85' lang='lat' dir='ltr'><strong>qu.</strong></span> <span class='ocrx_word' id='word_1_269' title='bbox 571 3727 605 3776; x_wconf 90' lang='grc'><strong>111</strong></span> <span class='ocrx_word' id='word_1_270' title='bbox 617 3730 641 3786; x_wconf 64' lang='grc' dir='ltr'><strong>ς.</strong></span> <span class='ocrx_word' id='word_1_271' title='bbox 652 3727 684 3776; x_wconf 84' lang='lat' dir='ltr'><strong>iv.</strong></span> <span class='ocrx_word' id='word_1_272' title='bbox 701 3725 768 3774; x_wconf 89' lang='lat' dir='ltr'><strong>Nota</strong></span> <span class='ocrx_word' id='word_1_273' title='bbox 779 3741 794 3774; x_wconf 81' lang='lat' dir='ltr'><strong>a</strong></span> <span class='ocrx_word' id='word_1_274' title='bbox 805 3725 834 3775; x_wconf 90' lang='grc' dir='ltr'><strong>Ρ.</strong></span> <span class='ocrx_word' id='word_1_275' title='bbox 846 3725 961 3790; x_wconf 87' lang='lat' dir='ltr'><strong>Philippo</strong></span> <span class='ocrx_word' id='word_1_276' title='bbox 972 3725 1002 3776; x_wconf 87' lang='lat' dir='ltr'><strong>de</strong></span> <span class='ocrx_word' id='word_1_277' title='bbox 1014 3725 1179 3775; x_wconf 77' lang='lat' dir='ltr'><strong>Carboneano.</strong></span> 
     </span>
    </p>

    <p class='ocr_par' dir='ltr' id='par_1_7' title="bbox 156 3794 1209 3878">
     <span class='ocr_line' id='line_1_34' title="bbox 156 3794 1209 3878; baseline -0.002 -19"><span class='ocrx_word' id='word_1_278' title='bbox 156 3810 200 3878; x_wconf 81' lang='lat' dir='ltr'><strong>(a)</strong></span> <span class='ocrx_word' id='word_1_279' title='bbox 221 3808 298 3861; x_wconf 70' lang='lat' dir='ltr'><strong>conc„</strong></span> <span class='ocrx_word' id='word_1_280' title='bbox 310 3809 378 3861; x_wconf 75' lang='grc'><strong>1111.</strong></span> <span class='ocrx_word' id='word_1_281' title='bbox 391 3810 456 3861; x_wconf 70' lang='lat' dir='ltr'><strong>sese</strong></span> <span class='ocrx_word' id='word_1_282' title='bbox 466 3810 533 3860; x_wconf 80' lang='lat' dir='ltr'><strong>xxiv.</strong></span> <span class='ocrx_word' id='word_1_283' title='bbox 545 3826 590 3874; x_wconf 69' lang='lat' dir='ltr'><strong>cap</strong></span> <span class='ocrx_word' id='word_1_284' title='bbox 604 3811 630 3859; x_wconf 83' lang='lat' dir='ltr'><strong>u.</strong></span> <span class='ocrx_word' id='word_1_285' title='bbox 1202 3794 1209 3807; x_wconf 86' lang='lat'><em>&#39;</em></span> 
     </span>
    </p>

    <p class='ocr_par' dir='ltr' id='par_1_8' title="bbox 159 3890 708 3960">
     <span class='ocr_line' id='line_1_35' title="bbox 159 3890 708 3960; baseline 0.002 -21"><span class='ocrx_word' id='word_1_286' title='bbox 159 3892 202 3960; x_wconf 80' lang='grc'><strong>(3)</strong></span> <span class='ocrx_word' id='word_1_287' title='bbox 223 3892 265 3941; x_wconf 83' lang='lat' dir='ltr'><strong>stc</strong></span> <span class='ocrx_word' id='word_1_288' title='bbox 276 3899 336 3942; x_wconf 88' lang='lat' dir='ltr'><strong>teste</strong></span> <span class='ocrx_word' id='word_1_289' title='bbox 347 3893 474 3956; x_wconf 68' lang='lat' dir='ltr'><strong>Fagnanm</strong></span> <span class='ocrx_word' id='word_1_290' title='bbox 485 3893 582 3943; x_wconf 79' lang='lat' dir='ltr'><strong>resolvit</strong></span> <span class='ocrx_word' id='word_1_291' title='bbox 593 3892 619 3940; x_wconf 79' lang='lat' dir='ltr'><strong>S.</strong></span> <span class='ocrx_word' id='word_1_292' title='bbox 628 3890 708 3954; x_wconf 75' lang='lat' dir='ltr'><strong>cong.</strong></span> 
     </span>
    </p>

    <p class='ocr_par' dir='ltr' id='par_1_9' title="bbox 158 3976 1092 4044">
     <span class='ocr_line' id='line_1_36' title="bbox 158 3976 1092 4044; baseline -0.004 -16"><span class='ocrx_word' id='word_1_293' title='bbox 158 3977 201 4044; x_wconf 80' lang='grc'><strong>(4)</strong></span> <span class='ocrx_word' id='word_1_294' title='bbox 221 3979 250 4028; x_wconf 87' lang='lat' dir='ltr'><strong>C.</strong></span> <span class='ocrx_word' id='word_1_295' title='bbox 263 3978 293 4030; x_wconf 79' lang='lat' dir='ltr'><strong>Si</strong></span> <span class='ocrx_word' id='word_1_296' title='bbox 302 3978 342 4030; x_wconf 80' lang='lat' dir='ltr'><strong>ot&#39;r</strong></span> <span class='ocrx_word' id='word_1_297' title='bbox 351 3976 392 4031; x_wconf 78' lang='lat' dir='ltr'><strong>ccl</strong></span> <span class='ocrx_word' id='word_1_298' title='bbox 402 3978 500 4040; x_wconf 79' lang='lat' dir='ltr'><strong>mulier,</strong></span> <span class='ocrx_word' id='word_1_299' title='bbox 511 3978 541 4028; x_wconf 87' lang='lat' dir='ltr'><strong>de</strong></span> <span class='ocrx_word' id='word_1_300' title='bbox 553 3984 647 4040; x_wconf 73' lang='lat' dir='ltr'><strong>cognat</strong></span> <span class='ocrx_word' id='word_1_301' title='bbox 661 3977 735 4042; x_wconf 86' lang='lat' dir='ltr'><strong>spirit.</strong></span> <span class='ocrx_word' id='word_1_302' title='bbox 1090 3992 1092 3996; x_wconf 94' lang='lat'>·</span> 
     </span>
    </p>

    <p class='ocr_par' dir='ltr' id='par_1_10' title="bbox 122 4063 1215 4198">
     <span class='ocr_line' id='line_1_37' title="bbox 159 4063 1215 4131; baseline -0.001 -20"><span class='ocrx_word' id='word_1_303' title='bbox 159 4063 203 4129; x_wconf 89' lang='lat'><strong>(5)</strong></span> <span class='ocrx_word' id='word_1_304' title='bbox 222 4063 287 4114; x_wconf 87' lang='lat' dir='ltr'><strong>Vide</strong></span> <span class='ocrx_word' id='word_1_305' title='bbox 298 4065 379 4116; x_wconf 83' lang='lat' dir='ltr'><strong>adnot.</strong></span> <span class='ocrx_word' id='word_1_306' title='bbox 390 4069 414 4116; x_wconf 76' lang='lat'><strong>5.</strong></span> <span class='ocrx_word' id='word_1_307' title='bbox 427 4066 456 4115; x_wconf 91' lang='lat' dir='ltr'><strong>P.</strong></span> <span class='ocrx_word' id='word_1_308' title='bbox 464 4065 573 4131; x_wconf 81' lang='lat' dir='ltr'><strong>Philippi</strong></span> <span class='ocrx_word' id='word_1_309' title='bbox 584 4065 614 4115; x_wconf 90' lang='lat' dir='ltr'><strong>de</strong></span> <span class='ocrx_word' id='word_1_310' title='bbox 624 4065 790 4125; x_wconf 82' lang='lat' dir='ltr'><strong>Carboneano,</strong></span> <span class='ocrx_word' id='word_1_311' title='bbox 798 4063 864 4129; x_wconf 78' lang='lat' dir='ltr'><strong>apud</strong></span> <span class='ocrx_word' id='word_1_312' title='bbox 875 4063 983 4113; x_wconf 80' lang='lat' dir='ltr'><strong>Anteius</strong></span> <span class='ocrx_word' id='word_1_313' title='bbox 994 4063 1024 4113; x_wconf 90' lang='lat' dir='ltr'><strong>de</strong></span> <span class='ocrx_word' id='word_1_314' title='bbox 1035 4063 1096 4113; x_wconf 82' lang='lat' dir='ltr'><strong>Mat</strong></span> <span class='ocrx_word' id='word_1_315' title='bbox 1105 4063 1152 4115; x_wconf 81' lang='lat' dir='ltr'><strong>loc.</strong></span> <span class='ocrx_word' id='word_1_316' title='bbox 1161 4078 1215 4127; x_wconf 83' lang='lat' dir='ltr'><strong>sup.</strong></span> 
     </span>
     <span class='ocr_line' id='line_1_38' title="bbox 122 4145 165 4198; baseline 0.023 -1"><span class='ocrx_word' id='word_1_317' title='bbox 122 4145 165 4198; x_wconf 86' lang='grc'><strong>111.</strong></span> 
     </span>
    </p>
   </div>
   <div class='ocr_carea' id='block_1_4' title="bbox 0 0 1341 4860">
    <p class='ocr_par' dir='ltr' id='par_1_11' title="bbox 0 0 1341 4860">
     <span class='ocr_line' id='line_1_39' title="bbox 0 0 1341 4860; baseline 0 0"><span class='ocrx_word' id='word_1_318' title='bbox 0 0 1341 4860; x_wconf 95' lang='lat' dir='ltr'><strong> </strong></span> 
     </span>
    </p>
   </div>
  </div>
 </body>
</html>
