2640 4860
419 110 477 172 DE
498 109 808 174 GONFESSIONE.
1100 119 1156 174 15³

64 280 114 339 vel
128 279 231 339 falsam
244 286 389 337 monetam
410 277 545 347 cudendi,
560 278 691 347 declarat,
705 291 737 338 ut
749 298 819 353 quas
840 280 971 340 habuerit
989 281 1053 359 ipsa
1065 293 1159 361 partes

66 381 239 460 innotescat.
271 376 374 435 Socius
397 379 562 436 commercii
575 379 669 455 prodit
681 379 804 447 fraudes,
819 397 890 451 quas
903 381 966 459 ipse
985 399 1051 440 cum
1077 383 1158 443 socio

67 479 248 554 emptoribus
272 476 350 543 secit,
378 475 547 542 confessarii
564 479 750 535 aestimatione
771 487 854 535 antea
878 480 987 557 gaviso.
1030 480 1159 547 Quodsi

67 575 281 636 circumstantia
298 576 392 648 aliqua
405 575 569 644 omittenda,
581 576 663 635 famae
684 578 783 635 alienae
807 578 918 637 consuli
944 587 1038 651 queat,
1052 582 1158 657 gravis·

69 677 144 735 sima
158 675 269 733 videtur
281 674 388 733 silentii
400 693 494 744 causa,
509 678 666 751 prasertim
680 676 748 734 side
763 678 930 735 necessitate
945 677 1022 735 illius
1032 681 1159 757 aperien-

69 774 112 833 dae
127 783 314 834 ncnccustet.
357 773 436 832 Hinc
450 776 499 848 qui
514 776 653 834 incestum
667 775 782 833 admisit
795 776 874 833 tertio
888 775 933 834 vel
947 785 1046 848 quarto
1059 778 1159 854 gradu,

67 893 127 933 non
147 882 193 931 est
205 872 395 941 damnandus,
409 875 433 932 si
453 874 572 951 gradum
586 875 658 933 nolit
670 874 829 951 designare,
842 894 877 932 ne
892 876 1049 933 innotescat
1068 879 1156 936 socia.

68 972 155 1040 Quod
177 974 203 1030 si
223 991 288 1031 cum
309 990 407 1031 sorore
427 975 511 1031 unica
530 974 698 1050 peccaverit,
720 975 774 1031 etsi
796 975 911 1051 plurimi
931 974 1026 1033 dicant
1040 975 1158 1052 gradum

67 1071 144 1131 hunc
157 1072 256 1147 specie
269 1071 383 1132 differre
396 1073 431 1130 ab
445 1073 501 1131 alio
512 1073 632 1140 incestu,
646 1084 675 1132 et
692 1076 855 1133 necessario
869 1073 1066 1150 aperiendum,
1082 1073 1158 1132 haud

68 1171 269 1230 damnaremus
282 1190 348 1230 eum
362 1172 411 1245 qui
422 1171 495 1230 hanc
509 1173 638 1230 reticeret
657 1174 906 1242 circumstantiam,
921 1183 1033 1250 tempus
1053 1192 1159 1251 oppor-

69 1271 165 1329 tunius
177 1280 340 1346 expectans,
356 1290 413 1344 quo
427 1272 506 1329 alteri
518 1272 703 1340 confessario,
713 1273 927 1345 absquesororis
936 1273 1049 1351 injuria,
1060 1281 1160 1350 posset

70 1368 181 1446 detegi:
197 1371 356 1447 praesertim
376 1388 465 1443 quum
480 1389 538 1429 non
552 1371 648 1429 desint
661 1373 709 1443 qui
723 1390 786 1430 eam
800 1372 875 1430 haud
889 1374 1050 1430 necessario
1068 1373 1159 1450 expli·

69 1469 188 1527 eandam
201 1468 351 1528 affirmant.
394 1469 427 1528 Si
440 1487 477 1527 ex
491 1470 575 1547 plena
588 1470 768 1528 consessione
789 1470 905 1529 infamia
925 1472 1053 1544 quaedam
1067 1472 1157 1540 alteri,

70 1569 183 1626 etiamsi
195 1568 273 1626 haud
286 1587 345 1637 rec,
359 1570 465 1628 oritura
474 1571 521 1638 sit,
536 1588 571 1626 v:
587 1589 622 1646 g:
637 1569 761 1627 soeminae
775 1589 838 1642 quar
848 1571 907 1627 vim
915 1589 1000 1648 passa
1006 1582 1050 1628 est
1059 1572 1157 1639 invita,

68 1666 182 1724 videtur
194 1668 404 1726 circumstantia
418 1687 474 1741 qua
486 1667 649 1745 designetur
659 1686 746 1745 posse
759 1670 881 1727 reticeri.

108 1769 159 1823 49.
182 1766 312 1825 Tenetur
333 1769 470 1844 poenitens
494 1767 592 1826 aliene
615 1770 765 1827 consulere
778 1769 870 1837 famae,
886 1768 1091 1827 confessarium
1112 1768 1158 1826 cui

68 1866 183 1942 ignotus
210 1875 255 1923 cst
275 1868 370 1925 socius
391 1867 531 1935 adeundo,
556 1868 666 1939 quoties
697 1868 725 1926 id
745 1870 852 1941 absque
879 1869 957 1944 gravi
976 1866 1159 1926 incommodo

69 1964 132 2022 fieri
144 1961 264 2043 possit¹
296 1966 460 2025 Excusatur
474 1977 566 2024 autem
582 1967 616 2024 ab
629 1969 727 2044 ignoto
747 1968 909 2040 quaerendo,
924 1976 1041 2044 urgente
1059 1966 1158 2026 mortis

69 2065 207 2141 periculo,
235 2065 281 2122 vel
300 2067 468 2124 necessitate
494 2065 632 2142 implendi
652 2069 786 2144 praecepti
813 2067 973 2145 paschalis3
1001 2067 1026 2124 si
1059 2066 1159 2125 debeat

68 2164 162 2221 statim
177 2164 329 2230 celebrare,
344 2166 390 2220 vel
410 2165 631 2230 communicare,
646 2165 681 2220 ad
698 2175 794 2220 notam
815 2164 1024 2240 effugiendam
1045 2166 1070 2221 si
1089 2163 1160 2222 nolit

68 2263 98 2320 iu
124 2270 243 2340 peccato
269 2262 380 2319 mortali
405 2279 531 2329 manere,
555 2261 640 2318 etiam
666 2279 718 2338 per
742 2260 829 2328 diem,
856 2260 947 2319 donec
965 2261 1157 2319 confessarius

70 2361 137 2420 alter
150 2360 283 2428 adeatur,
306 2362 332 2418 si
352 2360 422 2418 alter
441 2360 569 2418 videatur
588 2378 640 2417 suo
661 2361 722 2438 juri
743 2361 875 2427 cessisse,
894 2361 1000 2435 optime
1026 2359 1157 2416 conscius

69 2460 154 2518 alium
168 2459 374 2518 confessarium
386 2460 436 2517 vix
450 2459 520 2516 adiri
535 2478 638 2535 posse;
653 2459 678 2516 si
692 2459 834 2535 poenitens
845 2457 893 2514 vix
906 2457 998 2533 possit
1011 2456 1158 2514 conscien-

69 2560 135 2617 tiam
150 2559 198 2616 alii
211 2558 346 2634 pandere.
368 2558 439 2617 Aliae
453 2559 536 2617 ctiam
551 2568 703 2616 occurrunt
715 2557 927 2624 excusationes,
939 2555 1010 2613 adeo
1023 2565 1054 2613 ut
1067 2555 1157 2633 poeni·

70 2666 158 2716 tentes
170 2658 340 2734 plerumque
357 2658 423 2734 angi
436 2676 495 2715 non
514 2657 684 2715 debeantob
699 2675 807 2729 eaquae
826 2656 854 2713 in
876 2653 1055 2712 confessione
1076 2653 1155 2711 dixe·

69 2765 143 2824 runt,
158 2775 211 2814 sua
224 2766 341 2832 peccata
354 2756 554 2815 manifestandi
567 2775 661 2814 causa.
898 2833 899 2836 Ἴ
1026 2744 1029 2751 ’

107 2859 157 2913 50.
179 2855 214 2914 In
234 2857 357 2932 peccatis
378 2875 441 2929 quae
462 2855 608 2913 infamiam
628 2874 686 2913 non
706 2855 837 2922 affemnt,
863 2853 957 2926 qualia
976 2861 1043 2911 sunt
1062 2851 1159 2930 jurgia

69 2953 238 3022 domestica,
253 2955 298 3012 vel
308 2973 370 3027 quae
385 2956 453 3013 alias
467 2954 534 3011 satis
548 2955 740 3022 innotuerunt,
754 2953 849 3011 nullus
863 2954 1013 3030 scrupulus
1027 2953 1158 3030 injicien-

69 3052 120 3112 dus
133 3064 180 3112 est
193 3054 228 3111 iis
243 3054 293 3126 qui
306 3053 436 3114 alierum
457 3052 570 3121 delicta,
592 3072 708 3111 suorum
726 3052 953 3111 confitendorum
973 3071 1067 3121 causa,
1089 3071 1157 3129 pan-

68 3151 148 3221 dunt,
171 3153 303 3225 quamvis
325 3162 440 3229 praestet
459 3153 546 3209 vitare
567 3151 706 3225 quidquid
731 3152 810 3210 alteri
830 3153 1001 3229 injuriosum
1028 3153 1075 3221 sit,
1102 3170 1155 3209 nec

67 3252 186 3310 omnino
207 3251 241 3308 ad
255 3252 300 3309 sui
314 3253 523 3309 accusationem
537 3252 742 3309 necessarium.
785 3252 857 3318 Quae
877 3251 1002 3310 diximus
1023 3251 1058 3308 ds
1079 3251 1159 3309 socio

67 3349 223 3426 pandendo
237 3359 270 3407 ut
282 3351 390 3427 integra
403 3352 441 3409 sit
453 3349 606 3419 confessio,
623 3349 806 3427 intelligenda
825 3361 892 3408 suut
911 3352 996 3408 etiam
1011 3348 1046 3406 de
1060 3348 1159 3405 eadem

66 3448 307 3517 manifestatione,
323 3466 385 3521 quar
398 3450 559 3507 necessaria
571 3450 609 3507 sit
630 3459 662 3507 ut
683 3449 840 3507 remedium
861 3449 962 3506 animae
986 3465 1045 3503 suae
1059 3445 1158 3516 exqui-

65 3556 153 3614 ratur,
168 3547 216 3605 vel
229 3547 264 3605 ad
278 3549 451 3615 innocentis,
465 3547 511 3606 vel
531 3549 742 3608 communitatis
762 3565 898 3624 magnum
912 3545 1018 3603 malum
1031 3551 1157 3600 averten-

66 3645 147 3704 dum.

108 3749 158 3802 51.
181 3743 310 3803 Omnino
334 3744 482 3803 damnatus
503 3757 547 3803 est
566 3765 583 3802 a
602 3744 761 3803 Benedicto
781 3741 865 3800 XIV.
887 3717 1157 3812 quorumdammos

64 3843 282 3918 exquirentium
291 3844 464 3916 nomen,ch
477 3843 691 3913 habitationem,
705 3842 849 3900 sociorum
862 3838 1000 3906 criminis,
1009 3835 1045 3895 ad
1058 3822 1157 3897 eorum

440 4049 483 4116 (1)
502 4045 682 4113 sntputvt
694 4047 788 4098 arse.
