2640 4860
413 369 470 434 DE
491 364 801 433 ΟΟΝΤΒΙΤΙΟΝΕ.
1096 380 1152 438 137

57 539 144 600 malis
157 540 268 617 peccati
280 538 429 599 effectibus
449 539 623 617 penitentiae
641 539 861 618 supernaturalis
880 549 1012 600 nascatur
1023 545 1147 603 occasio.

62 636 265 708 (laicacalis,
279 639 317 697 sit
329 648 440 717 oportet
451 641 548 699 omuia
563 640 705 716 respicien
718 647 851 716 speccata
863 640 970 717 gravia,
984 660 1049 716 qne
1061 644 1151 721 posui·

57 747 121 798 tens
134 738 270 798 admisit:
293 746 313 776 ‘⁸
324 737 439 800 Falsam
453 738 646 816 penitentiam
659 756 724 796 esse
732 738 874 807 constat,”
889 740 983 813 inquit
996 742 1149 802 concilium

57 835 252 897 Lateranense
262 836 316 907 ΙΙ.,
329 845 349 874 “
358 856 422 898 cum
431 838 534 916 spretis
542 837 681 914 pluribus,
690 836 725 896 de
734 855 793 896 uno
801 838 864 896 solo
872 840 1038 915 poenitentia
1046 843 1149 920 agitur,

57 946 105 996 aut
118 956 186 996 cum
195 938 242 996 sic
251 938 344 1014 agitur
352 937 389 995 de
401 956 470 1007 uno,
481 947 577 996 utnon
590 936 752 996 discedatur
762 937 797 995 ab
804 937 870 996 alio.
913 938 999 998 Unde
1011 942 1150 1018 scriptum

58 1047 121 1098 est:
145 1037 225 1104 ‘Qui
244 1045 331 1096 totam
345 1035 439 1114 legem
460 1036 660 1105 observaverit,
674 1035 800 1095 offendat
819 1044 912 1107 autem
926 1038 956 1096 iu
976 1057 1045 1107 uno,
1059 1040 1149 1099 t‘actus

57 1145 101 1196 est
112 1136 245 1195 omnium
264 1154 330 1194 reus
340 1135 360 1193 :’
381 1137 492 1194 scilicet
511 1144 647 1208 quantum
662 1134 797 1194 advitam
811 1144 943 1195 eternam
956 1155 964 1205 ;
985 1137 1147 1197 sicutenim

57 1239 81 1295 si
97 1235 224 1313 peccatis
247 1243 323 1292 esset
342 1237 475 1293 omuibus
495 1234 649 1303 involutus,
668 1235 707 1292 ita
729 1236 754 1293 si
773 1236 876 1293 inuno
898 1244 1005 1295 tantum
1027 1247 1147 1304 maneat,

57 1345 168 1394 eterne
182 1334 247 1391 vite
256 1334 374 1411 januam
385 1353 443 1393 non
457 1327 617 1392 intrabit.''¹
658 1334 777 1412 Singula
790 1343 907 1410 peccata
919 1335 1037 1413 speciali
1050 1335 1149 1394 dolore

57 1434 190 1493 detestari
210 1450 330 1490 necesse
342 1452 401 1492 non
414 1443 472 1491 est:
495 1435 554 1491 imo
567 1448 621 1490 nec
640 1433 757 1510 expedit
768 1452 832 1506 que
852 1434 961 1494 lubrica
973 1443 1040 1493 sunt
1051 1436 1147 1493 animo

57 1532 206 1591 revolvere
219 1551 226 1588 :
248 1531 299 1590 sed
308 1535 404 1591 omnia
414 1551 531 1610 prorsus
542 1531 696 1609 rejicienda
709 1541 784 1601 sunt,
798 1543 827 1590 et
840 1550 902 1605 quae
913 1536 1041 1593 animum
1054 1535 1146 1611 magis

58 1631 223 1691 devinctum
234 1640 393 1700 tenuerunt,
402 1649 517 1691 summo
525 1631 592 1690 odio
606 1632 740 1707 prosequi
748 1625 888 1708 oportet.²
912 1634 1146 1710 Siquispeccato

56 1732 178 1808 graviori
199 1729 336 1799 admisso,
350 1730 422 1790 illud
441 1731 607 1789 confiteatur
626 1749 692 1789 cum
706 1748 773 1787 vera
792 1730 977 1791 detestatione
987 1742 1016 1792 et
1034 1733 1144 1801 dolore,

56 1829 130 1890 haud
143 1830 199 1888 sibi
212 1831 345 1888 conscius
360 1831 473 1889 alterius
488 1829 595 1906 peccati
605 1830 692 1887 etiam
706 1830 841 1896 mortalis,
856 1830 934 1901 quod
948 1833 1043 1890 animo
1057 1833 1143 1900 fovet,

56 1929 424 2007 queruuttheologiutrum
444 1937 651 1987 sacramentum
661 1929 833 2004 poenitentiae
853 1931 1000 2007 suscipere
1010 1928 1147 1989 dicendus

58 2029 109 2086 sit:
131 2047 185 2087 seu
198 2029 239 2086 uti
252 2028 414 2088 scholastici
428 2029 592 2103 loquuntur,
605 2036 700 2086 utrum
713 2037 922 2087 sacramentum
942 2028 998 2087 hoc
1018 2029 1145 2088 validum

56 2144 118 2186 esse
131 2128 234 2204 possit,
249 2136 277 2185 et
289 2128 419 2186 informe.
453 2129 589 2202 Plerique
605 2127 633 2185 id
643 2126 792 2195 affimant,
803 2127 870 2200 quia
883 2128 1038 2197 confessio,
1053 2128 1144 2197 dolor,

57 2238 83 2283 et
95 2226 238 2286 absolutio
250 2226 398 2296 habentur,
408 2246 471 2301 quae
482 2227 517 2285 ad
530 2227 656 2285 valorem
669 2228 839 2285 sacramenti
852 2227 983 2286 videntur
995 2227 1144 2287 sufficere:

58 2325 131 2398 quod
147 2336 242 2383 autem
263 2328 359 2402 gratie
373 2328 447 2385 obex
461 2345 498 2384 ex
518 2335 634 2402 peccato
648 2326 703 2383 alio
723 2324 837 2393 oriatur,
852 2326 918 2385 sacit
937 2337 1145 2387 sacramentum

57 2425 188 2484 informe.
231 2424 322 2484 Dolor
344 2427 429 2503 igitur
448 2425 617 2483 universalis
631 2443 695 2483 esse
709 2423 800 2492 debet,
816 2424 887 2483 adeo
900 2435 931 2483 ut
950 2426 1039 2486 homo
1060 2445 1145 2486 omne

57 2533 204 2600 peccatum
219 2542 279 2582 ase
299 2526 429 2603 projiciat
441 2534 469 2582 et
486 2524 649 2591 detestetur,
664 2541 721 2596 quo
741 2541 808 2581 casu
828 2522 899 2582 nulli
919 2523 1035 2583 dubium
1055 2543 1146 2582 sacra·

56 2625 141 2682 menti
153 2623 278 2683 fruchrm
288 2625 395 2692 haberi,
406 2624 473 2682 licet
482 2633 631 2701 peccatum
642 2623 787 2681 memorie
797 2640 855 2680 non
862 2631 998 2680 occurrat.
1024 2621 1145 2699 Efficax

57 2724 187 2783 contritio
201 2724 238 2781 sit
252 2742 369 2782 necesse
383 2733 435 2791 est,
450 2732 588 2797 quatenus
602 2723 728 2780 animum
743 2720 844 2779 avellat
855 2741 872 2778 a
885 2730 1012 2797 peccato,
1026 2729 1053 2778 et
1066 2729 1145 2796 paret

57 2823 88 2882 ad
110 2824 213 2882 omnia
231 2822 360 2882 iacienda
380 2823 482 2897 quibus
503 2823 599 2899 lapsus
619 2823 737 2879 vitetur:
761 2839 815 2878 nec
834 2821 912 2878 enim
932 2819 1038 2877 sufficit
1057 2821 1146 2879 animi

58 2922 238 3000 displicentia
264 2941 326 2996 quae
349 2940 413 2980 cum
438 2924 548 2999 peccati
568 2921 671 2980 affectu
699 2921 850 2997 conjuncta
870 2927 923 2977 est.
966 2919 1046 2977 Hinc
1068 2927 1145 2977 vates

57 3021 198 3082 hortatur:
228 3022 389 3099 “projicite
411 3042 427 3079 a
450 3023 530 3081 vobis
553 3039 655 3080 omnes
680 3020 840 3093 iniquitates
862 3027 969 3076 vestras
993 3017 1145 3090 inquibus

59 3122 233 3196 prevaricati
252 3121 329 3189 estis,
351 3129 380 3178 et
398 3121 481 3178 facite
501 3122 581 3180 vobis
597 3139 647 3178 cor
665 3138 772 3177 novum
792 3126 821 3175 et
840 3119 969 3196 spiritum
990 3112 1146 3176 novum.”³

60 3218 187 3280 Summa
200 3220 286 3279 debet
298 3238 362 3278 esse
375 3221 516 3287 contritio,
526 3219 597 3278 adeo
606 3229 638 3278 ut
647 3218 736 3277 homo
748 3227 894 3294 peccatum
909 3236 966 3294 prae
977 3218 1033 3276 alio
1045 3218 1145 3290 quovis

58 3320 130 3380 malo
159 3320 323 3388 detestetur,
344 3327 373 3377 et
397 3320 493 3378 animo
518 3329 631 3397 paratus
658 3319 695 3375 sit
719 3317 790 3376 illud
810 3336 965 3391 numquam
987 3317 1144 3386 admittere,

59 3419 167 3478 etiamsi
177 3428 306 3496 oporteat
315 3419 422 3477 idcirco
432 3419 530 3496 gravia
539 3436 728 3492 quecumque
742 3418 871 3476 tolerare.
907 3426 927 3453 ‘⁶
937 3417 1148 3477 Convertimini

59 3517 89 3575 ad
102 3518 184 3587 mc,'’
206 3520 300 3593 inquit
312 3518 404 3586 Deus,
428 3519 489 3576 “in
508 3526 566 3577 toto
586 3517 671 3577 corde
691 3509 834 3576 vestro.”⁴
873 3519 1008 3576 Attamen
1028 3534 1147 3576 necesse

59 3635 112 3676 non
125 3627 172 3677 est
183 3627 216 3676 ut
233 3618 431 3676 vehementior
443 3619 481 3676 sit
500 3616 607 3676 doloris
629 3636 742 3686 sensus,
757 3618 806 3690 qui
826 3616 993 3693 plerumque
1006 3635 1043 3673 ex
1064 3616 1147 3673 rebus

60 3734 118 3788 quae
132 3736 237 3776 sensus
258 3717 385 3776 afficiunt
398 3716 508 3776 facilius
529 3719 633 3786 oritur3
655 3716 705 3774 sed
725 3715 830 3774 sufficit
843 3725 874 3774 ut
887 3715 974 3773 animi
989 3713 1099 3790 judicio
1120 3719 1148 3768 et

61 3818 244 3876 estimatione
270 3827 419 3894 peccatum
445 3817 521 3875 malo
548 3818 650 3890 quovis
677 3817 732 3875 alio
761 3814 876 3892 gravius
901 3812 1046 3878 habeatur,
1070 3807 1147 3882 quod

59 3915 183 3975 voluntas
197 3916 316 3993 proinde
331 3936 388 3994 prae
402 3917 510 3975 caeteris
524 3918 607 3974 malis
621 3925 764 3974 aversatur
777 3923 805 3971 et
817 3912 919 3987 rejicit.
966 3910 998 3966 S.
1013 3907 1145 3967 Thomas

61 4031 117 4074 rem
131 4015 255 4076 dilucide
268 4017 409 4094 explicat:
433 4024 452 4051 ‘⁶
462 4017 491 4074 iu
504 4017 673 4075 contritione
686 4023 730 4072 est
742 4011 848 4087 duplex
862 4009 953 4067 dolor.
1009 4008 1092 4068 Unus
1106 4016 1149 4065 est

162 4233 204 4299 (l)
225 4231 287 4294 Gap.
299 4230 359 4280 xxii.
674 4225 716 4291 (2)
736 4223 763 4271 S.
774 4221 849 4285 Alph.
861 4221 877 4269 l.
887 4220 918 4270 vi.
930 4236 955 4270 n.
966 4221 1025 4268 438.

163 4317 207 4383 (3)
228 4315 318 4366 Ezech.
329 4315 397 4367 xviii.
407 4318 446 4364 31.
671 4311 713 4377 (4)
732 4307 793 4360 Joel.
805 4307 829 4358 ii.
844 4309 882 4357 12.

577 4412 640 4472 13*
