2640 4860
10 304 32 377 ·--’·
117 343 187 399 ao-
491 335 549 399 us
569 335 828 399 susurrone.

157 510 187 562 4.
208 502 291 564 Uteri
303 504 423 563 materni
435 502 542 562 ablutio
560 503 602 562 nil
621 501 740 580 prodest
757 502 855 572 soetui3
876 501 928 561 sed
940 504 968 563 si
980 521 1057 577 aqua
1068 503 1161 580 possit
1172 501 1205 561 ad

118 603 218 662 summ
231 600 361 679 perduci,
375 603 425 676 qui
438 601 564 676 alioquin
577 601 759 680 periclitatur,
773 601 825 660 sub
839 601 1006 662 conditione
1018 600 1205 680 baptizandus

117 711 170 768 cst,
199 702 284 778 juxta
316 700 492 769 Susresium,
518 709 548 759 et
575 700 657 768 alios,
690 709 731 769 ut,
751 710 890 774 quatenus
916 700 978 760 fieri
998 702 1101 778 possit,
1124 701 1207 760 saluti

119 799 291 860 consulatur.
350 798 558 860 Contradicuut
590 797 703 858 Natalis
732 797 905 868 Alexander,
939 798 1082 868 concina,
1117 799 1206 868 (sotii,

119 899 245 972 aliique:
267 897 319 957 sed
331 899 476 959 affirmans
489 899 631 958 sententia
649 896 757 974 placuit
777 897 936 958 Benedicta
949 891 1051 958 XIV.¹
1069 907 1100 956 et
1113 898 1146 956 S.
1160 899 1208 958 Al·

119 992 261 1075 phonsut
300 996 333 1056 Si
353 1008 440 1076 caput
458 999 610 1066 emittatur,
630 996 800 1073 baptizatur,
824 1015 879 1056 nec
899 995 1043 1056 iterandus
1068 1005 1114 1055 est
1141 998 1207 1074 bap·

118 1098 238 1154 tismus:
259 1097 285 1155 si
305 1114 369 1174 pes,
394 1097 441 1157 vel
459 1096 606 1155 brachium
636 1095 788 1163 emittatur,
808 1095 986 1173 baptizatur;
1015 1093 1068 1154 sed
1094 1095 1208 1155 iteratur

120 1196 277 1272 baptismus
290 1196 343 1255 sub
355 1195 529 1263 conditione,
545 1204 604 1254 toto
616 1211 736 1272 corpore
748 1188 892 1271 egresso.²

159 1298 188 1351 h.
211 1293 406 1371 “Baptismus
419 1294 487 1355 licet
497 1293 562 1352 fieri
574 1293 668 1371 possit
679 1300 728 1351 aut
740 1310 792 1368 per
804 1291 979 1353 infusionem
992 1309 1084 1364 aquae,
1095 1303 1145 1351 aut
1158 1310 1208 1370 per

118 1394 345 1462 immersionem,
369 1403 418 1452 aut
439 1410 490 1468 per
509 1391 722 1469 aspersionem
743 1391 854 1469 primus
876 1399 981 1459 tamen,
1001 1390 1049 1449 vel
1062 1390 1206 1451 secundus

118 1490 231 1558 modus,
258 1492 309 1564 qui
334 1492 425 1568 magis
450 1499 517 1550 suut
542 1491 571 1550 in
597 1508 662 1558 usu,
698 1508 752 1568 pro
789 1489 974 1549 ecclesiarum
1000 1489 1206 1548 consuetudine

116 1592 305 1656 retineantur3
326 1591 365 1648 ita
378 1599 409 1649 ut
422 1590 495 1649 trina
507 1589 650 1648 ablutione
669 1598 755 1666 caput
773 1586 937 1666 baptizandi
953 1586 1148 1666 perfundatur,
1162 1589 1206 1647 vel

117 1690 303 1764 immergatur
314 1689 344 1747 in
358 1669 479 1748 modurn¹
489 1689 583 1748 crucis
600 1707 659 1747 uuo
673 1697 702 1747 et
719 1686 819 1747 eodem
833 1697 1031 1765 temporeque
1044 1687 1206 1765 verbapro·

117 1787 255 1853 seruntur,
281 1799 311 1846 et
336 1788 412 1848 idern
438 1789 476 1847 sit
500 1807 602 1862 aquarn
629 1787 765 1846 adhibens
803 1795 833 1845 et
861 1786 947 1845 verbs
970 1779 1207 1862 pronuntians.”³

118 1884 287 1953 Beneventi,
302 1889 373 1947 etin
386 1889 520 1949 omnibus
532 1887 590 1946 fere
601 1885 726 1944 CXLII.
739 1884 949 1963 parochialibus
961 1883 1093 1963 ejusdem
1103 1883 1206 1943 dioece·

116 1988 168 2053 sis,
180 2004 218 2044 ex
227 1984 342 2045 decreto
355 1987 379 2047 1.
391 1985 517 2045 Concilii
529 1985 714 2062 provincialis
723 1983 917 2043 Beneventani
925 2001 999 2043 anno
1009 1982 1204 2044 MDCXOII.

117 2086 264 2143 immersio
286 2083 445 2151 adhibetur,
464 2084 539 2141 sicut
559 2090 588 2140 et
607 2081 775 2151 Mediolani,
800 2093 829 2141 et
850 2081 926 2161 apud
946 2082 1077 2141 Graecos.
1118 2083 1206 2160 Apud

116 2199 169 2239 nos
182 2198 246 2237 mos
257 2190 301 2238 est
313 2179 480 2239 infundendi
494 2199 606 2252 aquam,
621 2199 638 2238 a
651 2198 708 2254 quo
717 2179 850 2240 recedere
860 2199 947 2258 grave
957 2179 1031 2240 soret
1044 2192 1204 2260 peccatum,

116 2280 272 2355 presertim
286 2274 374 2353 quum
387 2278 495 2337 faveret
505 2278 594 2338 errori
606 2278 814 2348 hereticorum,
835 2281 886 2354 qui
905 2279 1041 2357 Baptistae
1062 2281 1204 2349 dicuutur,

115 2377 281 2452 negantium
313 2377 485 2455 baptismum
518 2378 618 2455 perfici
649 2378 706 2437 nisi
733 2378 898 2456 mergendo.
953 2378 1088 2439 Neminie
1120 2380 1206 2458 igitur

114 2476 247 2553 precibus
257 2474 311 2534 bac
320 2477 350 2534 in
362 2495 392 2534 re
406 2475 554 2554 indulgere
567 2478 645 2537 licet.
678 2478 908 2536 Peccaretetiam
921 2478 1051 2555 graviter,
1066 2479 1127 2553 qui,
1141 2497 1206 2538 cou-

114 2585 157 2634 tra
190 2593 299 2634 morem
332 2587 489 2654 receptum,
526 2578 692 2655 aspersione
724 2587 804 2635 extra
835 2578 1036 2659 necessitatem
1068 2587 1202 2637 uteretur.

115 2676 236 2742 Quoties
250 2677 369 2753 copiosa
387 2677 421 2735 fit
433 2678 571 2753 aspersio,
592 2676 631 2735 ita
643 2686 675 2734 ut
686 2694 760 2750 aqua
774 2676 803 2733 in
816 2684 900 2753 caput
912 2694 1030 2754 aspersa
1042 2676 1122 2745 fluat,
1137 2678 1204 2755 bap·

114 2778 216 2833 tismus
230 2768 311 2833 certd'
321 2776 411 2834 valet:
433 2775 486 2834 sed
500 2775 584 2835 facile
597 2774 700 2835 dubius
714 2774 808 2834 evadit
820 2775 990 2852 baptismus,
1005 2794 1093 2849 quum
1107 2795 1203 2853 asper·

36 2940 41 2947 ¹
113 2877 158 2933 sio
172 2895 188 2932 a
202 2883 341 2933 sectarum
356 2876 536 2953 preconibus
559 2875 609 2935 fiat
627 2874 738 2943 leviter,
760 2875 866 2948 vixque
888 2873 1018 2950 capillos,
1038 2875 1084 2934 vel
1098 2878 1202 2943 vestes,

113 2976 204 3034 multo
230 2976 325 3034 miuus
351 2975 468 3052 pellem,
489 2984 595 3053 tangat.
636 2973 671 3033 In
697 2983 825 3032 extremo
845 2972 1010 3032 discrimine
1030 2992 1066 3030 v:
1088 2993 1125 3051 g:
1150 2975 1202 3032 im·

113 3079 239 3133 minente
250 3074 407 3149 naufragio,
418 3075 485 3133 licet
493 3072 702 3134 multitudinem
713 3068 1005 3151 aspergere‚dicendo
1012 3072 1116 3131 simul:
1134 3081 1203 3150 ‘ego

113 3191 165 3227 vos
179 3171 304 3246 baptizo’
319 3182 374 3228 etc.
388 3191 454 3230 uam
468 3173 693 3247 periclitantibus
714 3189 770 3244 qua
788 3171 850 3230 fieri
864 3173 956 3248 possit
968 3171 1075 3230 ratione
1089 3190 1203 3230 succur-

112 3268 231 3327 rendum
257 3278 317 3333 est;
341 3268 393 3326 sed
417 3269 443 3325 si
462 3271 614 3336 evaserint,
641 3269 748 3345 singuli
766 3269 932 3347 baptizandi
956 3278 1039 3328 erunt
1057 3271 1111 3328 sub
1137 3289 1203 3330 eon·

112 3367 240 3432 ditione;
265 3384 353 3447 quum
373 3367 467 3442 gravis
487 3368 526 3426 sit
545 3369 616 3426 ratio
639 3367 789 3427 dubitandi
807 3379 902 3428 utrum
923 3387 997 3443 aqua
1017 3367 1052 3427 ad
1072 3369 1202 3446 singulos

111 3465 283 3542 pervenerit.
326 3463 384 3522 Sed
397 3466 423 3522 si
437 3484 544 3543 paucos
557 3468 712 3526 curatione
727 3469 791 3540 quis
804 3467 1002 3546 baptizaverit,
1023 3476 1053 3526 et
1071 3467 1107 3528 de
1122 3487 1201 3542 aquae

114 3567 198 3642 copia
211 3563 246 3621 ad
259 3581 309 3621 eos
324 3565 509 3639 perveniente
524 3575 647 3636 constet,
661 3586 721 3627 nou
734 3568 789 3626 erit
800 3566 945 3626 iterandus
958 3563 1148 3644 baptismus.⁵

151 3670 180 3723 6.
202 3664 294 3723 Trina
318 3663 425 3724 infusio
446 3663 575 3725 facienda
594 3677 648 3736 est,
671 3667 757 3746 juxta
781 3666 904 3726 Rituulis
924 3666 1135 3744 prescriptum,
1150 3666 1202 3726 sed

109 3768 185 3825 valet
203 3765 371 3842 baptismus,
385 3764 452 3824 licet
463 3764 548 3822 unica
566 3759 630 3824 sit.⁰
663 3764 777 3827 Causas
790 3767 874 3826 variae
888 3765 1048 3843 disciplinae
1061 3765 1115 3824 hac
1128 3765 1159 3825 in
1172 3783 1201 3823 re

110 3867 229 3944 exponit
254 3865 287 3923 S.
315 3863 455 3932 Thomas,
484 3862 519 3922 de
545 3865 730 3925 immersione
756 3883 855 3944 agens,
881 3864 1025 3941 dicitque:
1054 3867 1204 3942 “graviter

145 4033 172 4094 (1
177 4045 188 4095 )
208 4032 300 4082 Bened-
311 4031 382 4080 XVI.
393 4030 423 4082 de
433 4031 496 4103 Syn.
507 4030 600 4085 dioeces.
614 4033 630 4082 l.
641 4033 682 4082 vii.
695 4049 715 4082 c.
728 4049 750 4080 v.
820 4034 863 4100 (2)
882 4030 912 4080 L.
923 4032 955 4081 vi.
966 4048 992 4082 n.
1008 4034 1063 4083 107.

144 4116 187 4179 (3)
206 4115 255 4164 Rit
267 4115 337 4164 Rom.
349 4115 379 4166 de
390 4116 458 4188 bapt.
465 4133 524 4186 pur.
827 4119 870 4183 (4)
889 4115 988 4178 Ibidem,
997 4115 1026 4175 de
1032 4115 1122 4186 ferma
1133 4115 1204 4184 bapt.

146 4199 188 4262 (5)
208 4196 272 4246 Vide
283 4199 392 4250 Antoine
403 4209 469 4254 truct-
480 4203 510 4252 de
521 4203 593 4267 Bapt
604 4219 645 4267 qu
654 4203 688 4253 ix.

144 4283 187 4347 (6)
207 4280 237 4330 C.
249 4278 279 4330 de
290 4281 361 4340 trina,
372 4283 401 4333 de
412 4302 515 4338 ceneten
527 4287 585 4339 dist.
595 4289 626 4338 iv.
