2640 4860
314 111 372 172 DE
393 110 691 173 SUSCEPTIONE
711 109 1027 172 EUOHARISTIAE.
1177 119 1215 175 93

106 277 285 356 periculum
305 280 447 338 vomitusz
474 280 505 338 in
524 278 610 337 dubio
630 288 723 337 atatem
742 278 905 360 reserentiae
924 281 1094 339 sacramenti
1113 299 1216 340 consu·

110 375 243 436 lendum
257 386 311 436 est.
354 379 459 437 Tussis
479 378 634 436 vehemens
649 395 705 435 nou
719 378 811 435 obstat
822 379 927 437 viatico
945 379 1122 454 recipiendo,
1135 380 1216 440 dum·

113 475 212 533 ruodo
221 477 334 552 species
342 476 669 553 deglutiripossint,uam
677 475 810 552 phlegma
818 495 874 534 uon
884 479 1039 555 ejiciturex
1048 479 1215 557 oesophago,

114 592 176 650 per
190 592 279 647 quem
294 576 429 652 trajicitur
442 577 533 644 cibus,
543 574 594 632 sed
607 594 645 633 ex
659 592 757 650 aspera
772 576 883 645 arteria,
896 595 946 635 seu
960 578 1007 634 via
1020 579 1216 655 respirationis

117 671 156 731 ad
169 670 351 749 pulmones.l

163 775 215 829 59.
259 773 326 831 “Si
346 771 540 849 deprehendat
559 771 732 851 (sacerdos)
752 783 818 849 post
838 775 1032 852 sumptionem
1049 778 1176 852 corporis
1190 787 1218 836 et

120 871 287 948 sanguinis,
315 883 363 930 aut
393 872 479 931 etiam
505 884 572 949 post
597 873 780 941 ablutionem,
805 874 941 946 reliquias
965 875 1073 946 aliquas
1103 876 1218 934 relictas

122 979 320 1039 consecratas,
335 989 383 1029 eas
403 979 505 1039 sumat,
521 973 581 1029 sive
601 990 694 1048 parvae
714 972 781 1039 sint,
796 973 857 1030 sive
878 991 997 1049 magnae,
1013 973 1079 1045 quia
1092 972 1128 1030 ad
1141 973 1216 1033 idem

124 1068 302 1127 sacrificium
312 1070 474 1146 spectant.”
509 1071 552 1128 lta
561 1070 717 1146 prescribit
729 1071 864 1130 Rubrica.
900 1071 933 1130 Id
947 1074 1031 1130 etiam
1045 1071 1216 1141 faciendum,

122 1169 211 1226 etiam
227 1168 253 1225 si
272 1168 405 1228 sacerdos
419 1171 457 1228 sit
472 1171 533 1248 jam
547 1171 577 1227 in
591 1169 726 1236 sacristia,
740 1171 854 1229 indutus
869 1180 963 1230 tamen
984 1170 1075 1228 adhuc
1089 1173 1216 1230 vestibus

126 1268 229 1334 sacris,
251 1266 424 1327 Benedictus
449 1269 534 1327 XIV.
556 1278 663 1326 censet.
704 1268 788 1335 Quod
809 1272 834 1328 si
860 1281 954 1328 vestes
980 1269 1155 1346 deposuerit,
1174 1289 1217 1329 re·

127 1365 224 1438 liquiae
239 1365 293 1423 illae
304 1367 566 1444 eruntreponendae
577 1369 606 1426 in
615 1368 805 1436 tabernaculo,
818 1369 862 1426 vel
872 1368 1064 1442 relinquenda
1074 1370 1221 1430 sacerdoti

130 1483 197 1523 mox
212 1465 388 1525 celebraturo
403 1466 601 1526 absumendae:
624 1465 740 1538 quodsi
760 1477 890 1526 neutrum
904 1470 997 1544 possit
1009 1469 1082 1535 fieri,
1097 1471 1153 1546 ipsi
1166 1469 1218 1543 qui

130 1564 281 1623 celebravit
299 1565 395 1623 licebit
407 1585 455 1624 eas
476 1584 588 1624 sumere
609 1574 780 1622 reverenter.
815 1566 961 1645 =Reliquiae
982 1568 1097 1627 alterius
1117 1570 1217 1628 Missa

132 1663 240 1721 absumi
251 1663 305 1721 hac
318 1665 426 1724 ratione
440 1673 595 1738 nequeunt,
609 1665 635 1722 si
649 1673 810 1723 reverenter
822 1666 926 1723 servari
937 1666 1059 1742 possint.

168 1765 217 1820 60.
239 1762 336 1819 Altera
349 1766 513 1832 necessitas,
528 1782 590 1837 quae
600 1763 685 1840 juxta
698 1763 851 1823 concilium
866 1762 1088 1822 constantiense
1101 1775 1219 1822 excusat

133 1860 221 1938 alege
231 1861 336 1939 jejunii
350 1864 485 1922 naturalis
499 1861 631 1920 servandi
652 1871 716 1920 ante
739 1863 915 1922 eucharistia
929 1864 1156 1940 susceptionem,
1172 1873 1217 1922 est

132 1959 155 2018 si
166 1959 339 2018 sacrificium
353 1961 559 2038 perficiendum
579 1963 625 2029 sit,
652 1961 810 2020 celebrante
830 1962 979 2021 deficiente
1000 1964 1133 2022 sensibus
1153 1972 1219 2040 post

132 2059 389 2129 consecrationem
404 2062 574 2138 permittitur
591 2061 667 2120 enim
682 2061 761 2119 alteri
774 2062 925 2130 sacerdoti,
940 2064 1024 2120 etiam
1038 2081 1096 2120 non
1106 2063 1218 2141 jejuno,

127 2157 197 2217 'illud
211 2158 370 2229 absolvere,
385 2180 421 2219 ne
436 2179 568 2221 mancum
581 2169 704 2219 maneat.
746 2161 779 2218 Si
792 2171 859 2237 post
871 2163 1112 2221 consecrationem
1126 2181 1218 2222 recor·

132 2256 209 2316 detur
224 2256 359 2316 sacerdos
373 2279 404 2318 se
419 2279 476 2319 nou
489 2278 553 2318 esse
563 2261 708 2337 jejunum,
723 2261 826 2337 poterit
839 2261 946 2333 absque
959 2270 1077 2336 peccato
1091 2252 1218 2320 in'sacro

132 2375 247 2416 munere
261 2375 398 2434 pergere3
413 2361 472 2417 imo
486 2358 520 2416 ad
535 2359 564 2416 id
577 2368 696 2425 tenetur,
707 2377 794 2431 quum
808 2358 941 2416 sacrificii
956 2358 1093 2434 perfectio
1101 2360 1218 2435 majoris

131 2446 267 2515 niomenti
292 2457 330 2513 sit
355 2477 440 2531 quam
462 2459 568 2536 jejunii
587 2458 654 2516 lex:
677 2467 741 2515 ante
766 2457 1008 2515 consecrationem
1029 2466 1124 2514 autem
1144 2457 1169 2514 si
1188 2457 1219 2516 id

131 2557 273 2614 memoriae
287 2568 424 2626 occurrat,
438 2557 569 2616 recedere
583 2556 666 2614 debet
679 2557 713 2615 ab
724 2555 812 2623 altari,
827 2556 882 2613 nisi
895 2556 1021 2613 infamiae
1031 2557 1077 2613 vel
1090 2554 1217 2615 scandali

131 2656 289 2731 periculum
303 2655 350 2713 sit.
378 2657 411 2712 Si
424 2675 527 2728 aquam
539 2657 631 2714 solam
645 2657 674 2713 in
688 2655 775 2713 calice
789 2673 825 2712 ex
839 2673 933 2712 errore
947 2655 1068 2730 positam
1082 2654 1217 2722 hauserit,

130 2751 208 2813 debet
221 2755 322 2812 vinum
336 2754 512 2813 afferendum
521 2756 633 2832 jubere,
655 2752 782 2825 illudque
806 2771 982 2818 consecrare,
1005 2770 1138 2811 unacum
1153 2752 1218 2811 hos-

131 2853 174 2921 tia,
187 2863 220 2912 ut
234 2853 399 2930 perficiatur
412 2853 592 2922 sacrificium,
613 2853 680 2911 licet
703 2852 765 2928 ipse
780 2852 923 2929 jejunium
945 2870 1025 2924 aquae
1046 2851 1147 2908 haustu
1162 2852 1219 2910 sol·

131 2953 208 3011 verit.
251 2953 311 3019 Qui
325 2972 363 3011 ex
376 2971 471 3011 errore
487 2953 659 3010 ablutionem
673 2952 702 3009 in
713 2952 805 3009 Missa
818 2951 910 3026 prima
922 2951 1079 3027 sumpserit
1091 2951 1121 3008 in
1135 2960 1219 3009 nocte

131 3050 306 3120 Natiuitatis,
320 3051 365 3109 vel
378 3038 459 3119 alids,
474 3050 587 3124 quando
601 3051 673 3109 sacta
686 3059 730 3108 est
743 3051 769 3107 ei
783 3049 901 3107 facultas
914 3050 959 3109 bis
975 3048 1146 3118 celebrandi,
1160 3069 1219 3110 non

130 3159 222 3227 potest
248 3154 351 3210 iterum
377 3150 530 3217 celebrare,
557 3168 622 3207 uam
644 3150 749 3226 jejunii
773 3148 821 3205 lex
847 3149 963 3207 obtinet.
1019 3149 1105 3217 Quod
1124 3160 1218 3209 autem

130 3251 254 3327 populus
269 3257 362 3308 careat
374 3250 458 3325 copia
471 3249 606 3325 praecepti
619 3248 759 3325 implendi
773 3267 840 3306 casu
854 3249 1003 3326 contingit.

168 3354 217 3407 61.
239 3350 324 3408 Licet
335 3347 476 3406 sacerdoti
490 3366 547 3406 non
562 3348 664 3424 jejuno
678 3347 801 3405 Missam
821 3348 961 3405 celebrare
975 3347 1010 3405 ad
1024 3346 1149 3405 dandum
1162 3347 1218 3404 sibi

131 3447 276 3516 viaticum,
290 3450 316 3506 si
329 3447 442 3505 alterius
456 3447 611 3505 sacerdotis
626 3446 676 3519 qui
688 3446 758 3504 illud
780 3446 808 3502 ei
827 3445 883 3512 det,
905 3465 963 3504 non
976 3447 1015 3503 sit
1027 3445 1126 3520 copia:
1149 3460 1218 3517 prae·

131 3557 213 3623 cepto
227 3549 304 3606 enim
319 3547 416 3604 divino
437 3554 546 3603 tenetur
568 3544 638 3603 illud
660 3545 806 3621 suscipere
829 3545 860 3601 in
879 3545 978 3600 mortis
1001 3540 1176 3604 discrimine,
1190 3548 1219 3596 et

135 3647 234 3718 nequit
247 3647 301 3703 alia
314 3645 422 3704 ratione
436 3646 463 3702 ei
476 3635 666 3702 satisfacere.2
706 3645 775 3702 Non
787 3650 880 3700 autem
895 3641 923 3698 id
937 3640 1116 3715 permittitur,
1131 3643 1162 3693 ut
1171 3636 1219 3694 alii

132 3742 181 3801 det
192 3744 337 3813 viaticum,
352 3762 418 3801 nam
440 3743 504 3820 lege
527 3744 686 3802 arctissima
701 3741 807 3818 jejunii
828 3740 865 3797 ob
886 3738 999 3796 alterius
1019 3735 1218 3795 necessitatem

132 3841 243 3900 solutus
256 3861 397 3916 nusquam
417 3840 583 3909 declaratur,
606 3852 635 3899 et
656 3836 840 3899 moribundus
864 3844 1016 3894 excusatur
1038 3855 1054 3893 a
1074 3843 1218 3913 praecepto

134 3940 289 4016 implendo,
305 3940 417 4014 quando
431 3939 512 3999 deest
524 3941 646 3998 occasio.

271 4098 313 4164 (l)
333 4095 358 4147 S.
370 4096 445 4162 Alph.
455 4097 472 4147 l.
483 4097 516 4147 vi.
525 4112 550 4147 u.
563 4097 621 4145 792.
818 4091 861 4158 (2)
880 4088 980 4150 Ibidem,
990 4104 1016 4140 n.
1028 4090 1087 4145 tes.
