2640 4860
478 397 620 460 CAPUT
640 397 823 459 UNIGUM.
1140 408 1197 462 281

111 566 231 626 facultas
246 583 307 634 eos,
320 566 480 624 interstitiis
489 565 564 625 haud
578 566 708 634 servatis,
718 566 906 643 suscipiendi.
948 564 1081 634 Quando,
1094 567 1203 641 absque

112 666 168 725 hac
188 665 409 742 dispensatione,
423 664 539 725 ordines
561 683 657 723 sacros
678 666 742 738 quis
762 666 884 742 suscipit
904 664 1076 724 continuatis
1102 665 1205 726 diebus

112 773 194 823 extra
217 773 357 841 tempora,
384 765 503 823 incurrit
527 764 767 841 suspensionem
797 783 856 822 non
882 782 949 822 vero
975 765 1001 822 si
1027 766 1204 841 temporibus

103 863 226 921 'statutis
240 862 394 931 ordinetur,
407 863 476 921 lieet
495 863 642 922 interstitia
659 882 719 922 non
737 872 848 921 servet:
870 860 921 920 sed
947 872 1049 944 peccat
1068 865 1202 940 graviter.

113 970 134 998 ‘⁶
149 961 207 1028 Qui
221 960 321 1020 eadem
335 961 381 1020 die
401 964 560 1039 susciperet
573 971 692 1036 quatuor
713 961 828 1020 ordines
850 962 975 1020 minores
989 980 1126 1022 unacum
1140 965 1205 1023 sub·

112 1060 264 1119 diaconatu
284 1061 370 1119 etiam
393 1056 523 1136 peccaret
541 1061 673 1138 graviter,
687 1069 719 1118 ut
737 1060 857 1120 habetur
883 1079 920 1118 ex
940 1079 966 1117 c.
989 1060 1029 1119 Il.
1044 1061 1080 1119 de
1100 1079 1131 1120 co
1152 1063 1205 1140 qui

99 1158 246 1241 furtiue:
266 1160 316 1218 ubi
336 1158 455 1227 dicitur;
478 1160 623 1226 ‘Quatuor
636 1160 763 1218 minores
783 1161 899 1219 ordines
918 1160 1074 1229 contulisti,
1102 1161 1204 1233 quibus

110 1276 172 1317 non
185 1268 333 1318 contentus
347 1258 583 1319 subdiaconatum
596 1258 680 1317 etiam
695 1261 843 1318 temerario
858 1278 928 1317 ausu
942 1259 1071 1337 recepit'
1115 1260 1200 1319 Man·

112 1357 215 1415 damus
230 1367 367 1430 quatenus
387 1376 453 1415 eum
468 1359 498 1417 in
510 1357 669 1416 minoribus
690 1357 827 1417 duntaxat
848 1359 989 1417 celebrare
1009 1355 1205 1435 permittas.’'¹

113 1455 174 1514 Sed
183 1456 207 1513 si
221 1456 323 1514 alicubi
336 1465 413 1514 esset
424 1455 600 1515 consuetudo
611 1455 843 1516 subdiaconatum
854 1457 957 1516 eodem
968 1455 1014 1515 die
1023 1476 1080 1530 quo
1089 1438 1203 1516 crdines

112 1557 252 1623 minores,
279 1554 455 1623 conserendi,
483 1574 545 1614 earn
566 1555 699 1614 sustineri
725 1574 811 1633 posse
838 1565 938 1615 censet
965 1556 997 1613 S.
1020 1556 1201 1633 Alphonsus.

112 1654 276 1730 Suspensio
302 1673 360 1712 non
381 1654 533 1713 incurritur
553 1674 569 1711 a
588 1653 765 1713 subdiacono
791 1655 832 1712 sio
857 1654 997 1723 ordinato,
1018 1653 1068 1713 sed
1094 1657 1203 1729 absque

113 1752 328 1829 dispensatione
342 1754 441 1825 nequit
452 1754 487 1811 ad
497 1752 611 1812 ordines
625 1753 696 1812 alios
710 1755 882 1830 promoveri.

153 1855 202 1910 38.
224 1851 270 1909 De
284 1852 413 1911 coelibatu
427 1872 443 1909 a
455 1853 544 1911 sacris
565 1852 702 1910 ministris
721 1851 862 1912 servando
881 1851 948 1910 alibi
968 1853 1090 1929 egimus.
1124 1852 1209 1912 Gon-

107 1951 192 2027 jugia
205 1951 308 2027 ligatus
322 1953 422 2025 nequit
434 1950 506 2009 hanc
520 1952 723 2027 obligationem
732 1969 888 2020 assumere,
898 1951 1203 2021 sinelicentiauxoris,

113 2067 178 2122 quae
200 2050 285 2108 etiam
313 2049 348 2108 ad
372 2051 495 2127 primam
520 2059 664 2109 tonsuram
684 2045 863 2125 requiritur.²
903 2049 1069 2127 lrregularis
1096 2050 1129 2109 fit
1154 2051 1204 2126 qui

112 2148 220 2221 absque
234 2167 277 2216 ea,
291 2148 337 2206 vel
350 2148 472 2208 divortio
482 2149 619 2226 legitimo,
633 2148 786 2218 ordinatur,
795 2150 907 2208 etiamsi
920 2149 1132 2208 matrimonium
1145 2169 1205 2209 non

112 2246 198 2305 fuerit
210 2258 449 2308 consummatum.
471 2249 555 2307 Uxor
568 2248 650 2306 debet
662 2249 818 2336 castitatem
831 2267 946 2318 vovere,
960 2258 992 2308 ut
1003 2248 1088 2307 liceat
1100 2251 1203 2308 marito

113 2345 228 2405 ordines
254 2365 351 2405 sacros
373 2349 519 2425 suscipere
530 2341 554 2404 :³
579 2346 630 2405 sed
651 2367 710 2407 uon
729 2348 841 2407 videtur
865 2350 955 2407 teneri
976 2347 1011 2406 ad
1035 2348 1205 2426 religionem

113 2444 312 2521 profitendam,
326 2447 382 2504 nisi
396 2447 439 2504 vir
449 2447 484 2505 ad
501 2447 698 2524 episcopatum
707 2438 891 2516 assumatur,⁴
903 2447 949 2506 vel
962 2449 1025 2524 ipse
1035 2448 1204 2524 religionem

114 2542 299 2622 ingrediatur.
341 2546 436 2605 Uxori
449 2546 511 2605 seni
524 2545 687 2623 indulgetur
699 2555 730 2605 ut
743 2555 857 2605 maneat
869 2546 900 2604 in
917 2545 1032 2613 saeculo,
1047 2546 1205 2605 castitatem

114 2652 208 2702 tamen
222 2641 423 2720 promittenti.6
456 2646 527 2704 Post
544 2645 597 2703 viri
619 2654 739 2704 mortem
759 2653 869 2703 vetatur
887 2645 1002 2703 mulieri
1024 2644 1141 2715 nubere,
1152 2642 1206 2703 sed

115 2744 219 2820 nuptiae
230 2743 335 2802 valent.

251 2947 295 3013 (l)
314 2945 389 3010 Apud
401 2945 427 2994 S.
438 2945 514 3010 Alph.
525 2946 541 2995 1.
552 2947 585 2996 vi.
596 2963 621 2997 n.
633 2949 691 2996 797.
753 2982 758 2991 .

251 3033 294 3096 (2)
313 3030 342 3080 C.
352 3031 396 3080 ult.
407 3029 437 3081 dc
448 3034 523 3099 temp.
534 3031 585 3082 ord.
594 3032 622 3081 in
633 3034 656 3080 6.
665 3038 690 3080 et
700 3032 728 3081 in
738 3031 839 3082 Extrav.
851 3029 981 3094 Antiquae,
992 3027 1022 3079 dc
1033 3032 1094 3080 uoto.

253 3117 296 3182 (3)
316 3114 347 3164 G.
359 3117 517 3182 Conjugntus,
528 3117 558 3166 de
569 3133 677 3167 convers.
688 3119 785 3183 conjug.

252 3201 295 3267 (4)
315 3201 346 3252 G.
358 3201 423 3250 Sane
436 3205 459 3251 6.
468 3202 497 3251 de
507 3218 577 3252 conv.
586 3204 685 3268 conjug.

251 3285 294 3351 (5)
314 3284 345 3334 0.
358 3301 414 3336 cum
424 3285 464 3336 sis.
475 3288 500 3335 4.
512 3287 565 3337 eod.
576 3287 612 3336 tit.
