2640 4860
176 380 236 436 aaa
427 356 434 371 “
519 372 576 432 uu
597 372 921 434 innuuouumrs,

178 542 336 618 Gregorius
356 539 440 599 XVI.
460 537 666 625 indulgentiam
689 541 845 618 plenariam
866 541 1011 600 orantibus
1030 549 1074 600 ter
1094 542 1126 600 in
1151 540 1267 600 ecclesia

177 641 272 715 aliqua
285 641 320 698 ab
329 639 472 699 ordinario
484 636 640 716 designata,
655 657 707 715 pro
717 639 924 718 Hispaniarum
936 638 1093 710 levamine,
1107 641 1162 699 rito
1177 650 1266 699 tamen

177 740 358 799 consessione
368 739 502 816 expiatis,
510 748 539 797 et
551 738 721 798 eucharistia
732 738 862 799 refectis:
877 756 940 811 quae
954 749 1094 798 causaest
1105 739 1267 813 aequissima

176 840 240 918 ejus
254 838 454 906 concedendae,
468 856 557 910 quum
570 838 612 896 rei
632 837 794 897 christiana
814 837 897 897 valde
918 837 1039 907 intersit,
1054 848 1086 897 ut
1105 840 1264 917 conjunctis

177 939 305 997 omnium
327 939 469 1014 precibus,
489 938 633 1013 religionis
660 938 820 1014 triumphus
846 938 876 995 in
896 954 931 994 eo
950 937 1067 1016 regione
1093 938 1266 1016 impetretur.

177 1038 228 1097 Sic
241 1047 270 1096 et
282 1039 465 1096 recitantibus
479 1037 631 1109 quinquies
644 1038 800 1096 orationem
814 1035 987 1096 dominicam
1010 1055 1078 1095 cnm
1099 1038 1266 1096 salutatione

177 1137 307 1214 angelica
332 1137 426 1214 ampla
451 1134 624 1212 indulgentia
649 1153 785 1194 concessa
810 1134 929 1203 dicitur;
953 1135 1075 1195 multum
1097 1136 1208 1195 scilicet
1235 1136 1268 1195 ad

178 1239 312 1314 pietatem
326 1236 446 1303 confert,
460 1244 492 1291 ut
502 1233 613 1292 Christi
627 1235 757 1294 crucifixi
772 1234 940 1312 mysterium
954 1235 1107 1295 recolamr.

217 1341 287 1395 251.
309 1336 405 1394 Status
425 1335 520 1411 gratiae
543 1332 578 1391 ad
599 1333 802 1411 indulgentiam
822 1333 986 1393 lucrandam
1005 1334 1186 1393 necessarius
1206 1344 1265 1400 est;

177 1453 231 1494 uec
243 1437 321 1493 enim
335 1443 426 1511 potest
439 1452 531 1510 poenae
545 1433 695 1508 impetrare
708 1434 917 1501 remissionem,
933 1434 992 1506 qui,
1007 1443 1127 1510 peccato
1139 1433 1267 1506 inquina-

179 1545 235 1603 tus,
249 1535 306 1594 Dei
314 1543 358 1591 est
366 1533 473 1592 hostis:
490 1541 612 1590 attamen
621 1531 737 1600 sufficit,
742 1534 826 1610 juxta
835 1533 1003 1591 sententiam
1014 1534 1264 1601 verosimiliorem,

178 1643 209 1692 ut
221 1635 352 1692 ultimum
365 1631 441 1706 quod
455 1632 610 1709 injungitur
623 1650 695 1709 opus
709 1633 872 1709 perficiatur
892 1632 926 1690 ab
945 1631 1063 1691 homine
1073 1633 1136 1711 jam
1150 1634 1265 1711 gratiam

178 1731 295 1810 adepto:
320 1743 420 1791 caetera
433 1731 552 1801 scilicet,
562 1750 626 1805 quae
639 1740 843 1808 praecesserunt
854 1750 951 1809 opera,
964 1732 1015 1808 pio
1028 1732 1156 1814 quodam
1169 1730 1269 1791 affectu

180 1832 262 1901 facta,
277 1832 312 1891 ad
330 1833 418 1891 tinem
439 1830 622 1909 indulgentie
642 1830 853 1904 quodammodo
866 1833 993 1891 animum
1007 1831 1174 1908 disponunt,
1189 1833 1271 1904 eique

177 1933 346 1992 inserviunt·
381 1931 458 1990 Hinc
481 1932 530 2005 qui
551 1932 675 2009 jejunat,
696 1930 744 1989 dat
768 1931 980 2008 eleemosynas,
1007 1931 1106 1990 visitat
1131 1932 1265 1990 ecclesias

181 2034 277 2091 animo
290 2031 419 2092 lucrandi
433 2029 647 2106 indulgentiam,
661 2049 720 2088 uon
739 2038 834 2089 tamen
847 2030 939 2088 adhuc
951 2030 1136 2091 confessione
1147 2030 1268 2107 expiato,

181 2150 243 2189 eam
258 2131 423 2209 adipiscitur
444 2128 559 2202 quando
571 2129 786 2188 consessionem
797 2130 849 2188 rite
863 2130 980 2206 peragit,
993 2139 1024 2188 et
1044 2148 1120 2208 opus
1134 2131 1266 2189 ultimum

181 2230 303 2306 perficit.
338 2230 393 2287 “A
407 2229 497 2286 fructu
513 2228 727 2305 indulgentiae,”
737 2230 830 2303 inquit
842 2229 1016 2289 Benedictus
1030 2229 1116 2289 XIV.
1133 2230 1269 2289 “minime

182 2327 376 2386 excludendos
397 2327 463 2385 illos
487 2327 726 2396 existimavimus,
754 2329 803 2402 qui
829 2348 886 2387 non
912 2331 1062 2405 praemissa
1088 2329 1269 2389 consessione

181 2427 369 2485 visitationem
383 2426 534 2503 incipiunt,
555 2426 721 2496 dummodo,
736 2428 849 2502 qnando
862 2447 936 2505 opus
956 2429 1090 2488 ultimum
1105 2429 1266 2507 perficiunt,

182 2530 297 2587 instato
312 2529 407 2604 gratiae
431 2521 538 2586 sint.”¹
579 2527 651 2595 Quae
674 2528 893 2603 praescribuntur
911 2537 978 2587 sunt
998 2529 1107 2606 integre
1128 2527 1265 2593 iacienda,

182 2638 258 2686 etex
272 2629 320 2703 pio
335 2628 422 2685 animi
437 2636 525 2695 motu,
540 2629 588 2701 qui
602 2628 679 2685 enim
690 2627 781 2685 inanis
790 2627 886 2704 gloriae
900 2627 994 2686 studio
1007 2646 1108 2705 preces
1122 2628 1269 2706 prescrip·

183 2740 224 2786 tas
244 2728 351 2796 recitat,
366 2728 464 2800 nequit
475 2726 577 2785 lucrari
600 2726 815 2802 indulgentiam,
830 2745 894 2799 quac
914 2736 1008 2785 tamen
1030 2738 1214 2805 comparatur
1236 2727 1268 2784 ab

180 2828 227 2886 his
250 2828 310 2898 qui,
338 2846 457 2904 operum
483 2826 638 2884 substantia
664 2835 777 2901 peracta
805 2835 915 2884 rectum
938 2828 975 2885 ob
997 2827 1097 2895 finem,
1124 2827 1270 2886 venialiter

181 2927 317 2985 deficiunt
330 2929 360 2985 in
373 2945 470 2985 eorum
483 2925 633 3003 adjunctis.
676 2926 746 2985 Non
756 2926 842 3002 igitur
850 2926 969 2984 titillatio
982 2927 1114 2999 quaedam
1128 2926 1267 3004 superbiae

183 3045 244 3098 qum
258 3027 372 3085 obvenit
385 3027 431 3102 pie
444 3027 535 3083 oranti
548 3044 614 3084 eum
629 3026 696 3083 sacit
709 3025 886 3102 indulgentia
899 3025 1057 3102 indignum.
1101 3027 1134 3083 Si
1148 3025 1270 3085 notabile

181 3125 252 3197 qnid
265 3127 419 3192 omittatur,
433 3126 488 3183 etsi
501 3144 538 3182 ex
558 3126 710 3193 oblivione,
724 3126 769 3182 vel
790 3125 814 3182 si
834 3125 884 3182 fiat
902 3125 1008 3183 ratione
1030 3124 1144 3184 diversa
1165 3147 1182 3183 a
1202 3143 1269 3202 prae·

183 3225 298 3299 scripto,
313 3243 371 3282 non
385 3234 563 3299 comparatur
576 3224 760 3300 indulgentia.

221 3325 292 3379 252.
314 3322 511 3398 Indulgentiae,
527 3340 615 3393 quum
634 3324 730 3399 gratiae
753 3323 875 3381 habeant
893 3324 1040 3391 rationem,
1055 3343 1114 3383 non
1138 3324 1272 3384 desinunt

183 3430 273 3477 morte
299 3419 489 3486 concedentis,
513 3421 564 3478 sed
589 3431 733 3497 perpetuae
758 3421 906 3489 habentur,
933 3423 958 3480 si
982 3422 1066 3482 limes
1100 3425 1135 3481 iis
1157 3424 1271 3482 nonsit

184 3519 348 3595 appositusr
370 3519 559 3595 largissimam
574 3522 681 3597 quippe
701 3522 849 3597 excipiunt
868 3523 1140 3598 interpretationem.
1185 3522 1271 3581 Corn-

183 3617 315 3694 parandae
328 3620 426 3678 mortis
441 3619 556 3677 articulo
576 3621 761 3696 impetrantur
773 3622 803 3678 in
825 3621 958 3697 proximo
977 3622 1077 3679 mortis
1097 3622 1271 3685 discrimine,

183 3721 237 3777 etsi
251 3737 327 3777 mors
340 3718 415 3778 haud
429 3720 522 3777 statim
537 3731 680 3793 sequatur,
695 3729 724 3777 et
744 3721 842 3778 iterata
854 3722 916 3779 vice
936 3731 1146 3796 comparantur,
1162 3723 1187 3779 si
1207 3721 1271 3792 quis

183 3839 220 3878 ex
235 3820 360 3896 periculo
374 3818 497 3877 evadens
509 3820 537 3876 in
551 3820 621 3878 illud
632 3818 726 3878 denuo
739 3818 852 3877 incidat.
881 3818 1086 3878 conceduntur
1095 3822 1140 3879 hae
1150 3821 1273 3898 plerum·

183 3938 240 3993 que
253 3920 448 3977 invocantrous
463 3918 558 3988 corde,
573 3920 598 3976 si
611 3937 659 3977 ore
680 3927 831 3991 nequeant,
845 3937 951 3977 nomen
960 3920 1175 3979 sanctissimum
1188 3918 1271 3984 Jesu‚

182 4019 228 4076 vcl
238 4020 449 4096 acceptantibus
464 4028 583 4077 mortem
597 4039 613 4076 a
627 4037 713 4076 manu
725 4018 860 4076 Domini:
876 4035 939 4092 quas
950 4018 1055 4076 idcirco
1069 4019 1273 4095 absqueopera

183 4117 337 4175 sacerdotis
352 4118 509 4194 comparari
524 4127 639 4191 queunt,
649 4118 706 4176 nisi
728 4116 868 4176 indultum
876 4117 1075 4195 Apostolicum
1090 4137 1154 4178 earn
1164 4119 1270 4195 exigat.

524 4330 565 4395 (l)
586 4328 691 4379 constit.
701 4328 771 4380 Inter
776 4328 926 4396 praeteritos.
