2640 4860
401 371 458 432 DE
480 369 851 431 CONFIRMATIONE.
1131 373 1169 429 6³

73 541 185 613 absque
199 539 280 616 gravi
293 539 540 621 culpa‘negligere
553 535 713 597 subsidium
727 556 785 611 qno
805 537 955 597 infirmitas
975 554 1074 595 eorum
1088 535 1170 595 robo-

74 650 162 698 retur.
206 639 330 697 Mortale
345 656 459 713 quoque
470 647 618 715 peccatum
633 636 706 695 soret
718 637 963 695 confirmationem
978 643 1170 703 contemnere,

75 738 121 796 vel
140 739 222 814 parvi
242 738 346 796 iacere.
387 738 462 796 Ante
476 745 620 795 tonsuram
646 735 824 795 confirmatio
849 733 1033 813 suscipienda
1057 743 1112 802 est,
1132 752 1170 795 ex

77 837 140 914 lege
151 833 350 904 Tridentina‚¹
360 855 423 910 qua
434 845 527 894 tamen
536 836 681 912 plerisque
692 854 750 893 non
762 835 872 893 videtur
881 834 1006 912 obligare
1017 834 1070 891 sub
1080 834 1169 911 gravi.

117 940 165 993 12.
187 935 403 1012 Dispositiones
414 934 513 993 adhoc
523 944 731 993 sacramentum
741 933 955 1011 suscipiendum
968 951 1020 1011 pro
1030 933 1170 1010 cujusque

79 1044 158 1092 etate
167 1049 197 1092 et
207 1035 339 1093 facultate
347 1035 430 1093 varia
444 1034 596 1111 exiguntur
610 1053 617 1090 ε
639 1032 751 1110 plenior
763 1036 870 1110 quippe
883 1034 982 1092 notitia
994 1051 1088 1091 rerum
1103 1031 1171 1091 fidei

79 1135 111 1191 ab
131 1133 236 1193 adultis
257 1135 390 1211 exigitur,
412 1152 496 1206 quam
518 1152 534 1190 a
554 1133 649 1208 pneris
670 1151 707 1190 ex
727 1133 845 1191 infantia
866 1134 915 1191 vix
936 1132 1070 1210 egressis.
1112 1131 1171 1198 Qui

80 1241 196 1310 peccata
216 1234 315 1310 gravia
334 1232 520 1300 admiserunt,
536 1232 651 1290 nonnisi
671 1231 800 1290 dolentes
821 1232 956 1290 accedere
971 1231 1082 1298 debent,
1099 1249 1171 1303 quoa

83 1332 164 1390 etiam
191 1339 304 1409 oportet
328 1332 510 1390 consessione
537 1339 565 1389 et
594 1331 771 1390 absolutione
799 1332 919 1407 expiari,
951 1331 1081 1405 quamvis
1106 1329 1171 1408 lege

80 1431 220 1493 Ecclesiae
234 1450 293 1489 non
313 1431 504 1508 praecipiatur,
518 1429 569 1487 sed
584 1440 691 1488 tantum
704 1431 734 1489 in
754 1431 917 1488 Pontificali
936 1428 1170 1488 commendetur:

80 1531 172 1607 gravis
187 1538 282 1589 autem
296 1530 368 1589 foret
387 1531 473 1607 culpa
486 1531 516 1588 in
531 1530 656 1589 animam
677 1539 796 1605 peccato
816 1530 1006 1588 adhaerentem
1028 1529 1170 1606 Spiritum

26 1624 29 1635 '
81 1630 216 1688 Sanctum
230 1631 305 1688 velle
319 1631 471 1707 acciperes
501 1629 633 1687 Graviter
646 1629 733 1686 etiam
753 1638 884 1706 peccaret
896 1639 993 1706 pastor
1005 1629 1055 1702 qui
1068 1646 1171 1705 pueros

80 1730 185 1803 absque
206 1728 372 1787 discrimine
387 1729 422 1787 ad
440 1728 685 1787 confirmationem
698 1729 831 1796 mitteret,
846 1729 954 1786 omissa
973 1728 1171 1798 instructione,

80 1840 106 1885 et
130 1830 348 1906 praeparatione‚
370 1847 433 1902 quae
452 1828 484 1885 fit
503 1828 532 1885 in
559 1826 750 1886 confessione.
791 1825 940 1903 Jejunium
966 1826 1171 1886 confirmandis

80 1927 302 1996 commendatur,
317 1927 368 1985 sed
381 1946 450 1985 usus
464 1926 583 1985 invaluit
595 1935 627 1984 ut
639 1926 724 1984 etiam
737 1935 804 2002 post
816 1923 967 2003 prandium
981 1920 1172 1983 conseratur.'

80 2027 201 2086 Minime
222 2028 345 2106 exigitur
363 2037 395 2085 ut
414 2027 573 2085 confirmati
593 2025 777 2084 Eucharistia
793 2027 859 2103 jam
880 2025 973 2100 prima
992 2025 1054 2082 vice
1074 2023 1172 2082 resecti

79 2126 198 2195 fuerint;
220 2146 274 2185 nec
287 2125 397 2184 videtur
410 2127 469 2184 vim
485 2125 574 2183 ullam
594 2126 753 2184 habitumm
773 2134 906 2182 statutum
928 2124 1121 2184 dioecesanum
1141 2121 1171 2182 id

79 2227 273 2302 praescribens,
288 2244 378 2299 quum
391 2225 517 2302 generali
530 2223 689 2300 disciplinae
704 2244 762 2283 non
776 2233 922 2300 congruat.
964 2223 1059 2282 Frons
1075 2223 1172 2282 statim

80 2334 142 2400 post
168 2319 412 2383 confirmationem
432 2323 556 2400 abstergi
575 2324 666 2391 solet3
694 2324 872 2383 Pontificalis
900 2325 1079 2401 prescripto,
1094 2321 1173 2396 quod

81 2422 192 2500 liganda
202 2425 240 2482 sit
251 2424 339 2482 fascia
347 2423 433 2491 linea,
448 2421 656 2482 consuetudine
670 2424 814 2501 abrogato.
856 2422 890 2481 In
903 2423 1009 2482 librum
1022 2420 1173 2482 reserenda

83 2531 143 2580 sunt
154 2543 171 2580 a
182 2523 309 2598 parocho
323 2523 553 2581 confirmatomm
563 2529 591 2578 et
601 2521 777 2598 patrinorum
790 2522 917 2578 nomina.
945 2521 1172 2580 consueverunt

83 2621 267 2681 confirmandi
284 2624 400 2680 ‘novum
426 2639 533 2679 nomen
556 2639 713 2678 assumere.
768 2618 937 2677 admonitio
964 2637 1000 2676 ne
1027 2617 1175 2676 discedant

82 2731 232 2795 antequam
246 2722 315 2779 ritus
330 2730 403 2779 totus
417 2720 562 2778 absolutus
577 2718 671 2787 suerit,
683 2729 712 2776 et
722 2718 883 2777 benedictio
897 2718 932 2775 ab
945 2718 1082 2793 episcopo
1095 2715 1170 2785 data,

83 2821 227 2890 omittitur,
243 2817 357 2894 qnando
377 2837 498 2896 magnus
511 2828 555 2876 est
568 2837 734 2885 concursus,
748 2837 814 2876 nam
828 2835 886 2874 non
901 2816 1022 2894 pertinet
1035 2814 1069 2873 ad
1082 2835 1174 2874 sacra·

82 2921 163 2978 menti
177 2921 342 2978 essentiam.
383 2918 428 2977 Ita
440 2928 506 2995 post
518 2917 651 2994 Layman
664 2927 693 2975 et
706 2916 799 2975 Oroix
813 2924 891 2973 notat
904 2916 936 2974 S.
951 2909 1166 2992 Alphonsus.’'³

180 3107 192 3171 (
197 3107 224 3165 1)
244 3103 310 3153 Sess.
321 3103 393 3152 xxiii.
405 3119 426 3152 o.
438 3103 469 3152 iv.
719 3103 762 3167 (2)
782 3100 808 3149 S.
820 3099 896 3165 Alph.
908 3101 924 3151 l.
935 3100 967 3150 vi.
978 3116 1004 3150 n.
1018 3101 1076 3152 184.

510 3187 552 3254 (3)
572 3185 602 3237 L.
614 3187 646 3236 vi.
657 3203 682 3239 n·
697 3190 752 3239 1⁸⁸.
