2640 4860
173 408 233 463 388
369 397 427 458 DE
447 395 770 459 lMPEDlMENTlS
790 394 1070 457 MATRIMONII.

173 563 360 627 conservandi
372 583 463 643 genus
477 583 485 628 r
506 563 543 621 ob
555 581 641 636 quarn
655 572 749 621 tamen
762 562 913 637 patricum
932 561 993 619 lilio
1015 563 1095 621 coire
1116 580 1174 619 non
1191 561 1259 628 lieet,

172 684 260 739 quum
276 665 375 722 sensui
389 664 490 723 intimo
504 661 659 719 honestatis
673 663 791 719 omnino
805 670 963 736 repugnet;
977 661 1112 732 quamvis
1127 660 1199 719 filias
1212 661 1263 719 Lot

174 764 240 822 inde
254 761 433 821 excusandas
447 763 625 834 aliquatenus
637 759 764 818 nonnulli
775 769 918 824 censeant,
927 758 1005 832 quod
1015 777 1109 836 genus
1120 760 1263 818 hominnm

173 864 340 920 universum
367 860 499 919 incendio
527 861 648 935 periisse
673 858 880 923 existimarent,
901 859 1019 915 nonnisi
1046 876 1084 915 ex
1114 868 1193 934 patre
1217 876 1264 914 suo

173 959 400 1019 restaurandum.

217 1063 284 1117 15³.
306 1057 547 1133 consanguinitas
558 1056 587 1113 in
599 1056 674 1113 linea
686 1053 851 1120 collaterali,
860 1056 927 1131 jure
940 1063 1060 1121 uaturae,
1068 1055 1112 1111 uti
1124 1055 1262 1130 plerisque

175 1158 294 1224 ridetur,
309 1155 416 1214 dirimit
441 1155 651 1212 matrimonium
672 1153 702 1210 in
728 1154 820 1229 primo
841 1150 941 1230 gradu,
961 1153 1077 1210 seclusa
1098 1153 1262 1211 necessitate

174 1254 352 1332 propagandi
366 1273 458 1332 genus
472 1252 638 1318 humanum,
653 1252 690 1309 ob
703 1269 788 1324 quam
808 1251 890 1310 licuit
901 1251 1002 1326 primis
1023 1250 1190 1312 hominibus
1202 1270 1262 1310 cum

175 1355 319 1413 sororibus
332 1354 418 1411 coire.
459 1351 603 1423 Equidem
624 1368 724 1408 omnes
744 1349 876 1408 homines
891 1349 1024 1408 videntur
1043 1368 1131 1408 sensu
1147 1350 1261 1424 quodam

142 1482 147 1491 ·
176 1454 348 1513 etinstinctu
360 1460 464 1509 neutris
477 1450 513 1507 ab
525 1447 690 1525 hujusmodi
699 1449 774 1507 coitu
789 1448 911 1515 retrahi3
925 1457 1137 1525 quapropteret
1149 1448 1263 1507 ethnicis

176 1552 286 1609 horrori
300 1550 360 1608 tuit
397 1549 431 1608 ln
444 1549 552 1605 esteris
564 1545 698 1624 gradibus
711 1546 746 1605 ad
760 1557 889 1618 quartum
900 1565 992 1620 usque
1007 1544 1175 1615 inclusive,¹
1189 1546 1263 1627 (olim

178 1649 213 1706 ad
239 1640 420 1726 septimum?
441 1648 490 1723 jus
516 1646 739 1704 ecclesiasticum
764 1646 888 1705 obtinet:
916 1657 1092 1724 quapropter
1125 1648 1208 1705 etiarn
1237 1649 1263 1704 in

177 1747 304 1805 secundo
318 1746 497 1823 dispensatio
510 1742 569 1802 dari
582 1754 686 1820 potest,
700 1752 730 1802 et
742 1736 838 1809 valent
857 1744 1016 1804 infidelium
1039 1746 1218 1804 matrimonia
1237 1746 1263 1802 in

177 1864 214 1903 eo
226 1845 315 1921 gradu
328 1855 469 1903 eontracta
479 1834 502 1899 :³
528 1845 556 1902 in
576 1861 611 1901 eo
633 1852 727 1901 tamen
753 1861 907 1916 numquam
932 1843 1097 1920 dispensari
1123 1844 1262 1904 voluerunt

179 1942 343 2002 Tridentini
351 1953 443 2020 patres
452 1941 508 2000 nisi
516 1943 587 1999 inter
596 1960 714 2018 magnos
725 1942 880 2019 principes,
890 1951 919 2000 et
927 1934 964 2001 ob
975 1941 1122 2019 publicam
1132 1937 1264 2001 causam?

177 2061 265 2113 quam
272 2041 371 2118 discipl
376 2043 429 2099 inae
440 2041 618 2098 severitatem
628 2041 791 2117 mitigarunt
798 2041 954 2100 Pontifices
964 2042 1126 2099 animarum
1136 2040 1261 2119 periculis

178 2149 383 2197 succurrentes.
405 2140 438 2197 ln
453 2138 580 2196 vetandis
594 2139 784 2198 matrimoniis
805 2140 877 2198 inter
893 2142 1125 2216 consanguineos
1140 2140 1262 2199 Ecclesia

180 2239 288 2295 imitata
308 2247 351 2293 est
371 2237 476 2300 Deum,
497 2236 547 2308 qui
564 2234 700 2293 Israelitis
720 2238 865 2313 prohibuit
893 2239 1005 2314 nuptias
1033 2222 1113 2297 intra.
1130 2239 1258 2311 quosdam

179 2334 282 2411 gradus
294 2353 302 2395 t
317 2333 368 2391 sed
389 2352 425 2391 ne
438 2331 576 2390 videretur
591 2334 653 2410 lege
668 2337 755 2393 veteri
768 2339 869 2404 teneri,
885 2337 957 2395 alios
970 2338 1068 2395 statuit
1080 2337 1186 2416 gradus
1198 2339 1263 2395 intra

180 2451 252 2505 quos
279 2432 491 2490 matrimonium
518 2432 646 2489 contrahi
679 2452 737 2491 non
763 2445 869 2510 posset.
915 2434 950 2494 In
972 2435 1118 2511 plerisque
1145 2437 1263 2495 statibus

181 2531 302 2590 Levitici
322 2532 527 2607 prohibitiones
549 2530 686 2606 adoptatae
700 2544 765 2589 sunt
779 2552 815 2591 ex
829 2534 902 2610 legis
916 2534 1009 2592 civilis
1024 2537 1188 2594 auctoritate
1202 2532 1224 2602 ;⁵
1237 2536 1262 2590 in

181 2633 244 2689 aliis
265 2633 336 2688 intra
351 2633 482 2688 arctiores
501 2630 606 2687 limites
627 2629 780 2707 prohibitio
795 2632 921 2690 nubendi
940 2628 1092 2690 constitit.⁶
1134 2635 1262 2692 Rationes

181 2731 354 2806 gravissimu
369 2730 557 2803 suffragantur
574 2729 632 2804 juri
646 2748 703 2801 quo
717 2732 822 2806 nuptiae
837 2733 908 2788 inter
922 2733 1153 2808 consanguineos
1176 2746 1264 2789 vetan-

181 2841 234 2895 tur,
261 2829 369 2885 seilicet
393 2847 428 2885 ne
462 2829 511 2898 qui
538 2827 747 2885 necessitudine
779 2831 997 2906 conjunguntur,
1024 2830 1108 2888 facile
1142 2840 1262 2908 peccent,

179 2927 352 2985 matrimonii
366 2945 445 3001 spem
467 2926 607 2993 foventes,
622 2937 650 2984 et
664 2936 694 2983 ut
707 2926 789 2984 latius
810 2947 841 2985 se
862 2928 1002 2985 diffundat
1024 2928 1176 2988 hominurn
1197 2932 1262 2987 inter

181 3044 211 3083 se
226 3026 337 3090 caritas,
352 3025 415 3082 aliis
426 3025 455 3080 in
469 3024 590 3082 familias
605 3026 729 3084 adscitis.

223 3128 288 3180 154.
311 3122 552 3199 consanguinitas
575 3124 724 3197 aliquando
750 3123 856 3200 duplex
877 3135 930 3192 est,
952 3125 1028 3197 quod
1056 3129 1204 3204 contingit,
1223 3125 1263 3182 vcl

181 3221 257 3293 quod
279 3222 336 3278 duo
357 3221 413 3277 sint
432 3222 551 3295 stipites,
577 3225 621 3280 vel
641 3222 716 3296 quod
737 3223 785 3295 qui
807 3225 841 3280 ab
860 3243 917 3282 uno
944 3223 1153 3283 descenderunt
1174 3226 1261 3300 stipite

180 3319 359 3375 matrimonia
374 3319 444 3374 inter
457 3337 488 3373 se
503 3322 703 3379 contraxerint.
735 3322 766 3378 Si
781 3322 838 3379 duo
849 3322 945 3379 iratres
960 3342 1025 3381 cum
1036 3323 1147 3382 duabus
1156 3324 1263 3382 seminis

180 3417 252 3471 inter
265 3433 295 3470 sc
310 3416 737 3489 consanguineiscontraxerint,
752 3419 802 3477 filii
815 3439 913 3478 eorum
925 3422 1051 3480 secundo
1062 3423 1151 3499 gradu
1163 3425 1263 3480 interse

181 3514 397 3589 conjungentur,
413 3521 521 3587 patrum
546 3515 663 3582 ratione,
678 3518 759 3574 tertio
780 3518 845 3576 verd
869 3521 976 3577 ratione
997 3506 1132 3590 matrum,
1147 3522 1263 3592 ideoque

180 3612 308 3671 dicentur
328 3630 392 3669 esse
413 3613 616 3688 consanguinei
638 3614 667 3671 in
691 3616 817 3673 seciindo
838 3627 866 3675 et
886 3619 966 3676 tertio
989 3618 1077 3696 gradu
1104 3639 1143 3678 ex
1162 3620 1264 3679 duobus

167 3713 332 3803 ¹stipitibus.
375 3710 622 3771 Cousobrinorum
643 3716 825 3774 matrimonio
840 3717 911 3774 inter
928 3736 959 3774 se
979 3719 1198 3796 conjunctorum
1218 3717 1264 3774 filii

179 3822 245 3868 sunt
265 3813 396 3888 inprime
414 3811 499 3888 gradu
515 3814 728 3890 consanguinei,
743 3825 771 3872 et
790 3816 872 3873 etiam
894 3817 923 3874 in
938 3817 1030 3885 tertio,
1044 3819 1153 3877 ratione
1167 3816 1264 3894 stipitis

280 3989 322 4053 (l)
342 3987 420 4037 Cone.
431 3987 499 4037 Trid.
511 3989 575 4037 Sess.
587 3989 653 4038 xxiv.
665 4006 717 4054 cap.
728 4007 751 4038 v.
763 3989 793 4040 de
803 3989 849 4058 ref.
860 3996 921 4041 mul.

340 4072 401 4135 Cap.
413 4072 439 4120 N
441 4089 473 4121 on
486 4073 563 4132 debet,
575 4074 603 4125 de
616 4076 781 4142 consanguin.
794 4092 824 4125 cx
836 4075 891 4126 Lot.
902 4077 934 4125 iv.
947 4092 1015 4126 conc.

340 4154 625 4218 Cepviiidedivortio.
802 4162 845 4228 (4)
866 4161 1166 4226 Conc.Trid.ubisupm.

342 4239 379 4287 lta
389 4240 415 4289 in
428 4241 535 4292 Statibns
547 4244 741 4307 Pennsylvaniae‚
752 4245 901 4306 Delawarire,
912 4246 938 4294 N
939 4245 1073 4294 eo-Jcrseae.
