2640 4860
135 321 193 381 idi
478 310 536 373 De
557 310 867 373 GONFESSIONE.

128 487 194 565 eJus
213 482 308 542 foveat
331 481 401 539 vitia
425 478 515 539 nimia
533 478 719 556 indulgentia,
744 478 876 538 consulto
898 476 1187 552 quadrantariam

127 582 212 663 piane
226 581 346 639 volucrit
354 578 484 657 judicem
498 578 640 656 decipere,
655 579 702 637 vel
714 595 808 636 mores
821 596 879 637 non
889 576 1051 636 emendare.
1072 576 1190 637 Ceterum
1289 561 1304 588 ’ὣ

127 679 204 741 haud
228 680 310 738 facile
337 678 559 737 existimandum
586 687 629 735 est
654 677 683 736 id
708 677 822 736 consilii
845 676 946 746 fuisse,
978 695 1068 750 quum
1087 676 1198 754 plerique
1292 651 1320 710 ii*

128 780 230 839 anime
244 779 363 836 salutern
378 779 408 835 in
421 778 602 836 consessione
616 775 775 854 peragenda
794 785 929 849 querant,
949 776 1018 834 licet
1039 776 1132 835 forsan
1148 775 1208 834 alt&

127 896 192 939 rum
218 896 276 956 prae
303 878 402 944 altero,
430 877 557 937 humano
583 876 677 953 potius
700 874 812 944 affectu,
835 875 966 951 seligant.
1008 874 1095 952 Apud
1107 875 1223 934 sociutss

128 978 240 1055 peccati
261 978 352 1054 turpis
372 976 518 1035 consessio
537 974 667 1054 ejusdem
688 974 822 1033 iactauit
842 973 926 1032 valet.
968 973 1041 1033 Non
1060 974 1134 1032 valet
1150 979 1239 1032 eorl*

129 1076 218 1136 sessio
231 1078 258 1135 si
271 1086 418 1154 peccatum
433 1095 527 1154 grave,
548 1076 593 1133 vel
612 1075 724 1151 species
745 1075 863 1151 peccati,
877 1073 924 1131 vel
937 1091 1074 1132 numerus
1088 1069 1252 1132 conantio

128 1176 290 1245 reticeatur,
305 1176 349 1233 vel
362 1178 388 1233 si
402 1174 580 1233 mendacium
594 1191 680 1251 grave
694 1173 879 1249 prosecutura
891 1173 1059 1249 poenitente.
1100 1172 1216 1231 Mende,
1230 1174 1266 1199 ²

129 1277 208 1336 cium
221 1277 250 1335 in
264 1275 444 1334 consessione
458 1274 598 1351 prolatum
622 1291 706 1350 grave
728 1273 897 1349 pierumque
916 1280 969 1340 est,
991 1270 1130 1345 quidquid
1143 1264 1279 1330 eniffl

130 1374 290 1435 necessarii
316 1373 514 1432 declarandum
541 1381 594 1440 est,
621 1372 721 1444 nequit
739 1372 801 1430 sine
827 1373 907 1448 gravi
930 1384 1049 1448 peccato
1075 1370 1287 1447 denegarif

130 1474 222 1553 igitur
234 1475 264 1532 in
277 1474 411 1532 omnibus
438 1491 501 1545 quae
527 1490 613 1548 supra
633 1472 828 1530 recensuimus
849 1469 884 1528 ad
906 1470 1050 1548 judicium
1066 1462 1297 1528 sacerdotiff

129 1572 289 1640 reserenda,
303 1571 485 1630 mendacium
500 1589 585 1648 grave
606 1581 659 1629 est.
700 1570 736 1628 In
755 1571 791 1628 iis
811 1568 878 1628 vend
892 1588 956 1643 quae
969 1569 1069 1628 divina
1087 1569 1150 1646 lege
1163 1562 1306 1627 nora-‘¹

129 1674 283 1749 exiguntur
301 1670 478 1740 declaranda,
495 1670 674 1729 mendacium
697 1677 741 1727 est
758 1662 855 1727 leve2¹
875 1688 910 1726 v:
935 1687 970 1745 g:
994 1670 1019 1727 si
1040 1688 1106 1742 quae
1120 1660 1309 1726 mulier&

129 1780 240 1830 statem
254 1788 335 1828 suam
349 1782 514 1847 provectam
529 1769 679 1828 mendacio
692 1768 775 1837 celet,
790 1768 837 1826 vel
849 1768 875 1825 si
889 1765 1010 1844 deneget
1023 1785 1054 1824 se
1069 1768 1214 1825 admisisse
1241 1761 1314 1807 ,⁴3

129 1871 249 1938 crimen,
263 1868 341 1943 quod
353 1869 402 1928 diu
416 1880 497 1928 antea
510 1870 675 1947 poenitentia
687 1868 860 1944 expiaverat,
879 1868 963 1927 venia
982 1867 1013 1925 in
1026 1866 1159 1926 tribunali
1170 1865 1215 1922 im-
1244 1872 1318 1898 θ’

131 1979 248 2048 petrate.
291 1968 349 2027 Sed
363 1970 486 2046 graviter
503 1968 647 2036 mentitur,
663 1967 772 2043 peccati
792 1966 1028 2025 consuetudinem
1049 1984 1108 2038 qna
1119 1964 1218 2024 irretita
1272 1982 1317 1997 ·’

129 2077 226 2127 manet
238 2067 417 2144 denegando.

167 2172 218 2226 72.
240 2164 338 2225 Rudcs
359 2165 497 2241 puerique
516 2164 565 2234 qui
588 2175 771 2239 peccatorum
792 2163 969 2237 quorundam
995 2163 1147 2231 malitiam,
1168 2179 1216 2218 seu
1262 2161 1319 2206 Ε

129 2263 350 2330 distinctionem,
365 2261 442 2319 haud
464 2262 532 2319 satis
556 2261 765 2329 intellexemnt,
786 2282 844 2322 non
868 2274 934 2322 sunt
952 2262 1018 2320 ideo
1039 2261 1162 2339 eogendi
1184 2257 1216 2316 ad
1262 2240 1316 2306 -Ι

128 2361 295 2440 repetendas
317 2360 514 2419 consessiones
529 2360 602 2419 bona
624 2359 681 2418 fide
701 2360 799 2429 factes,
823 2361 1055 2441 presumendum
1079 2371 1125 2419 est
1142 2360 1216 2417 enim
1271 2366 1311 2405 J

128 2480 177 2521 ees
190 2460 330 2519 valuisse:
352 2459 404 2518 sed
417 2459 529 2538 species
543 2469 572 2518 ct
583 2478 734 2518 numerum
748 2462 887 2520 omissum
901 2462 1004 2520 debent
1015 2461 1174 2536 explicare,
1188 2466 1216 2516 ut
1298 2463 1306 2495 ³

127 2561 186 2641 legi
198 2559 352 2621 confitendi
371 2559 555 2619 satisfaciens
597 2559 720 2625 Quando
740 2559 941 2628 confessarius,
963 2569 1086 2637 excepta
1108 2558 1215 2618 confes·

129 2663 212 2722 sione
234 2669 423 2738 peccatomm,
450 2659 484 2717 ab
504 2659 603 2717 ultima
625 2659 785 2734 poenitentis
805 2659 996 2726 consessione,
1020 2656 1215 2717 animadvertit

130 2779 197 2820 eum
210 2779 269 2819 non
282 2761 465 2819 consuevisse
479 2768 658 2834 peccatorum
674 2775 823 2816 numerum
834 2765 862 2814 et
871 2759 984 2835 species
995 2759 1026 2816 in
1036 2757 1214 2817 confessione

129 2859 245 2928 referre,
270 2858 353 2917 debet
372 2877 439 2917 eum
460 2857 581 2916 edocere
607 2855 642 2914 de
662 2856 829 2914 necessitate
855 2858 968 2934 singula
993 2855 1168 2933 explicandi,
1189 2863 1216 2911 et

130 2960 225 3018 statim
245 2958 456 3017 accusationem
480 2975 580 3016 eorum
606 2955 714 3014 audire.
755 2956 831 3014 Satis
857 2964 980 3016 nonest
1004 2965 1037 3013 ut
1061 2955 1216 3032 generatim

130 3067 216 3134 petet,
231 3068 326 3116 utrum
340 3075 374 3115 ea
393 3057 573 3116 serenatione
593 3073 644 3131 per
664 3065 705 3115 tot
723 3073 813 3113 annos
836 3056 932 3114 vivere
945 3056 1146 3123 consueverit;
1170 3051 1218 3110 sed

130 3156 309 3234 singulomm
323 3156 464 3214 accusatio
477 3154 606 3213 facienda
625 3161 678 3222 cst,
699 3162 731 3212 ut
751 3154 809 3232 legi
829 3172 863 3212 ea
875 3154 1038 3224 confitendi,
1054 3173 1140 3228 quam
1153 3153 1216 3212 hac·

130 3262 213 3312 tenus
226 3272 285 3312 non
298 3253 428 3328 implevit
440 3253 591 3330 penitens,
606 3253 733 3310 satisfiat.
1220 3316 1222 3319 ¹

169 3354 219 3409 73.
241 3351 300 3408 Pro
312 3350 409 3408 valore
417 3362 502 3409 actus
521 3351 762 3426 presumendum,
783 3361 812 3412 et
833 3352 898 3412 ideo
918 3352 1116 3411 confessiones
1139 3353 1215 3410 facte

129 3447 267 3507 habende
280 3454 347 3505 sunt
360 3448 469 3518 validae,
493 3449 549 3507 nisi
569 3451 741 3508 contrarium
762 3461 889 3510 constet:
911 3460 1084 3527 quapropter
1097 3449 1216 3528 cogendi

129 3564 188 3607 non
200 3555 268 3606 sunt
280 3546 450 3623 penitentes
473 3547 508 3605 ad
528 3547 667 3607 iterandas
681 3550 877 3609 confessiones
890 3551 1035 3609 bonafide
1049 3549 1146 3616 factas,
1160 3549 1216 3606 nisi

131 3656 243 3709 constet
255 3665 303 3705 eas
317 3664 381 3705 esse
395 3646 542 3706 invalidas.
569 3647 614 3706 De
630 3648 858 3708 confessionibus
871 3649 1060 3708 recidivomm
1075 3667 1109 3706 ea
1122 3648 1218 3724 regula

131 3747 253 3808 tenenda
273 3754 333 3816 est3
353 3747 379 3805 si
408 3748 502 3806 statim
531 3758 598 3824 post
618 3748 829 3808 consessionem
848 3748 921 3826 lapsi
949 3748 1062 3817 fuerint,
1094 3748 1215 3823 pierum-

131 3865 186 3919 que
200 3848 397 3907 eoniessiones
410 3847 561 3906 censendae
581 3857 647 3906 sunt
660 3846 801 3916 invalide,
823 3856 922 3924 utpote
935 3848 965 3905 in
979 3848 1082 3921 quibus
1096 3846 1178 3905 dolor
1190 3855 1216 3902 et

130 3947 309 4025 propositum
328 3947 453 4016 deerant,
475 3947 524 4021 qui
545 3947 622 4006 enim
641 3946 728 4014 dolet,
751 3955 841 4005 certet
858 3946 993 4005 adversus
1020 3948 1213 4012 tentationem,

129 4060 183 4103 trec
196 4046 279 4106 facile
293 4045 384 4107 cedit:
405 4057 533 4107 econtra
545 4047 594 4105 ubi
607 4046 671 4121 quis
684 4054 750 4124 post
768 4045 981 4107 confessionem
1003 4045 1053 4106 diu
1073 4044 1214 4111 restiterit,

316 4263 360 4328 (l)
379 4262 442 4312 Vide
453 4263 562 4312 Antoinc
572 4262 603 4314 de
614 4263 702 4315 Poenit.
714 4270 757 4314 art.
769 4263 794 4314 ti.
806 4262 991 4330 qu.xiii.1tesp.
1003 4265 1027 4312 2.
