2640 4860
442 379 501 439 DE
523 378 875 440 SATISFACTIONE.
1151 385 1207 441 188

108 564 203 622 copus
229 545 293 622 ipse
316 544 347 604 id
374 547 485 624 jubeat.
528 547 730 607 confessarius
757 565 815 606 non
841 547 924 605 debet
949 547 1033 606 alicui
1058 546 1208 625 injungere

109 645 311 723 poenitentiam
324 646 480 722 publicam,
494 648 580 706 etiam
594 648 689 706 minus
703 647 872 714 solemnem,
886 665 921 703 v:
937 666 971 723 g:
989 645 1065 719 quod
1075 647 1105 704 in
1119 647 1209 706 eccle-

111 747 156 803 sia
169 763 201 802 se
215 762 312 803 coram
326 746 459 804 omnibus
472 745 613 815 humiliet,
628 746 822 823 poenitentiam
837 745 984 822 professus
998 745 1111 803 delicti:
1130 745 1208 820 quod

112 862 168 902 nec
181 843 336 920 parochus,
350 846 457 918 absque
471 847 601 923 episcopi
615 847 708 914 venia,
723 845 933 922 debetjubere:
956 845 996 902 nil
1017 854 1110 904 autem
1135 856 1210 904 vetat

112 953 145 1000 ut
156 944 274 1019 publico
287 944 417 1014 quaedam
439 945 593 1004 satisfactio
614 946 786 1022 injungatur,
808 963 842 1001 v:
867 964 902 1021 g:
928 951 959 1002 ut
978 945 1084 1020 scripto
1106 956 1208 1003 retrac-

112 1052 208 1100 tentur
228 1053 356 1112 errores;
383 1053 414 1101 ut
442 1063 538 1102 coram
558 1054 631 1103 coetu
659 1043 783 1117 quodam
803 1062 952 1120 perperam
978 1042 1054 1100 dicta
1082 1053 1205 1101 revocet.

113 1141 200 1217 Saepe
214 1142 277 1201 sola
289 1142 353 1201 vitae
375 1143 406 1200 iu
428 1143 531 1201 melius
555 1144 720 1211 mutatione,
743 1154 772 1201 et
790 1143 902 1220 pietatis
916 1142 1010 1200 studio
1025 1161 1087 1215 quae
1101 1151 1208 1219 patrata

112 1249 182 1299 sunt
194 1242 270 1299 mala
283 1242 471 1299 emendantur
483 1252 511 1300 et
525 1244 668 1311 tolluntur,
684 1244 792 1316 absque
807 1252 881 1299 tauta
894 1242 1059 1318 poenitentis
1074 1241 1207 1299 humilia·

113 1337 220 1398 tione.1
261 1341 418 1399 Vitandum
438 1341 539 1401 sedulo
559 1361 596 1401 ne
623 1340 689 1415 quid
711 1343 873 1419 injungatur
899 1341 1056 1417 poenitenti,
1084 1359 1122 1398 ex
1148 1358 1206 1413 quo

113 1440 226 1516 peccati
239 1441 339 1516 patrati
352 1441 457 1499 oriatur
470 1443 608 1519 suspicio,
628 1460 694 1499 nam
715 1441 799 1498 saluti
822 1441 895 1517 ejus,
919 1442 1026 1513 absque
1048 1439 1130 1497 famae
1151 1438 1208 1496 dis·

113 1539 232 1615 pendio‚
246 1539 456 1598 consulendum
476 1550 536 1598 est:
558 1539 636 1614 quod
649 1541 673 1597 si
686 1539 828 1617 ejusmodi
840 1539 949 1598 laboret
961 1540 1040 1607 vitio,
1055 1538 1132 1611 quod
1146 1538 1207 1596 tolli

112 1647 238 1710 nequeat
258 1639 364 1711 absque
387 1639 469 1696 fame
490 1639 665 1706 discrimine,
685 1651 762 1697 recte
783 1640 809 1696 ei
824 1639 948 1716 injungit
967 1638 1157 1696 confessarius
1171 1656 1206 1695 ea

113 1756 179 1810 quae
192 1737 354 1797 necessario
368 1737 507 1806 facienda,
521 1739 567 1797 vel
580 1739 716 1816 fugienda
735 1746 811 1805 sunt,
837 1737 906 1795 licet
925 1739 1001 1796 fama
1023 1738 1118 1795 forsan
1134 1738 1205 1813 peri·

113 1833 254 1895 clitetur.2
293 1837 344 1896 Sic
353 1839 436 1916 jubet
449 1838 589 1905 ancillam,
613 1839 658 1896 vel
679 1850 829 1915 cognatam
853 1836 968 1905 dimitti,
991 1839 1123 1907 quamvis
1144 1854 1204 1893 sus·

112 1937 195 2013 pieio‘
204 1936 418 1995 consuetudinis
434 1957 525 2013 pravae
540 1937 605 1995 inde
618 1938 690 1995 forte
703 1938 806 1995 oritura
820 1937 872 1993 sit:
889 1936 1020 2011 prohibet
1032 1933 1153 2002 medico,
1168 1952 1205 1992 ne

112 2036 267 2095 mulierum
281 2038 396 2094 morbos
410 2045 509 2113 pergat
520 2055 628 2103 curare,
643 2037 692 2108 qui
705 2035 734 2093 id
747 2037 801 2093 sibi
815 2044 918 2092 certam
934 2034 1090 2111 perniciem
1105 2032 1205 2091 afferre

111 2136 209 2194 novit:
230 2135 355 2212 injungit
368 2135 493 2212 parocho
514 2146 546 2193 ut
566 2153 680 2203 munus,
701 2133 777 2208 quod
792 2134 908 2210 indigne
922 2143 1046 2200 exercet,
1060 2135 1090 2190 in
1104 2150 1205 2191 manua

111 2235 243 2312 episcopi
256 2237 392 2311 resignet.
414 2235 488 2293 Haec
501 2243 595 2293 tamen
608 2233 793 2312 intelligenda
803 2244 869 2291 suut
878 2243 945 2310 post
954 2231 1081 2291 remedia
1092 2233 1205 2292 mitiora

112 2335 219 2393 frustra
231 2333 364 2392 adhibita.
1225 2397 1228 2403 ,

154 2436 224 2491 109.
245 2433 374 2492 Tenetur
388 2433 530 2509 poeuitens
550 2432 774 2491 satisfactionem
788 2451 804 2489 a
817 2431 993 2489 confessario
1008 2431 1206 2508 prescriptam

110 2541 262 2608 acceptare
275 2541 304 2589 et
316 2531 445 2610 implere,
461 2551 525 2605 quae
538 2530 668 2590 habenda
681 2540 725 2589 est
737 2549 829 2603 oequa,
842 2531 899 2589 nisi
920 2539 1031 2589 constet
1043 2547 1106 2586 eam
1120 2528 1206 2585 nimis

112 2631 262 2691 difficilem
276 2649 339 2689 esse
353 2642 382 2690 et
394 2629 467 2690 ultra
480 2632 554 2688 vires
568 2631 744 2707 poenitentis,
769 2630 815 2688 vel
840 2630 1008 2707 gravissima
1020 2646 1119 2685 secum
1133 2626 1206 2684 ferre

112 2728 314 2789 incommoda:
337 2750 394 2804 quo
418 2750 486 2788 casu
499 2731 598 2789 licebit
609 2730 754 2789 humiliter
774 2747 839 2788 suas
852 2730 977 2788 rationes
990 2745 1145 2803 exponere,
1161 2726 1206 2782 vel

110 2830 245 2888 recedere
272 2831 379 2903 absque
406 2830 595 2898 absolutione,
619 2839 647 2886 et
670 2828 838 2888 confessarii
864 2829 936 2888 alius
950 2828 1032 2903 probi
1046 2825 1206 2902 prudentis·

112 2948 214 3002 queso
229 2929 329 2987 sistere
346 2929 467 3007 judicio.
509 2929 655 3002 Equidem
675 2927 831 2987 sacerdotis
852 2937 896 2985 est
913 2927 1053 3004 judicare,
1078 2924 1147 2997 quid
1169 2924 1207 2981 sit

113 3028 336 3106 injungendum.
379 3027 466 3095 Quod
479 3029 504 3085 si
518 3031 660 3104 poenitens
674 3029 736 3106 ejus
750 3026 872 3086 declinet
887 3026 1029 3104 judicium
1043 3042 1155 3097 aequum
1170 3041 1206 3080 ex

112 3129 202 3187 animi
216 3127 341 3195 levitate,
356 3125 445 3185 velut
461 3128 588 3185 mitiores
602 3125 683 3184 adeat
696 3127 798 3184 animae
812 3127 976 3186 morborum
985 3122 1121 3190 medicos,
1129 3120 1212 3179 vide-1

113 3238 157 3285 tur
170 3244 295 3304 peccare
308 3227 439 3303 graviter.
482 3226 547 3283 “Si
560 3226 725 3303 poenitentia
738 3225 820 3284 facile
835 3234 934 3301 posset
944 3224 978 3281 ab
992 3242 1028 3280 eo
1041 3221 1165 3298 impleri,
1179 3228 1207 3277 et

113 3328 205 3385 nollet
227 3344 266 3383 ex
288 3344 368 3383 mera
386 3323 496 3383 desidia
509 3324 587 3383 illam
607 3335 763 3402 acceptare,
787 3344 819 3382 ac
839 3344 905 3383 cum
918 3324 976 3382 levi
989 3321 1097 3380 absolvi
1110 3320 1205 3387 vellet,

113 3445 172 3484 non
186 3424 300 3482 videtur
314 3442 400 3500 posse
414 3426 545 3483 excusari
556 3444 573 3480 a
585 3433 702 3500 peccato
716 3418 843 3499 gravi.”³

157 3528 227 3582 110.
251 3523 347 3581 Grave
360 3532 560 3599 estpeccatum
574 3524 771 3601 poenitentiam
789 3540 904 3600 gravem
918 3523 954 3580 ob
976 3529 1092 3598 peccata
1111 3519 1208 3594 gravia

114 3625 292 3700 impositam,
307 3622 352 3681 vel
371 3621 524 3681 notabilem
544 3624 607 3700 ejus
627 3633 746 3699 partem,
761 3623 909 3681 omittere:
931 3639 997 3679 nam
1011 3638 1058 3677 res
1078 3616 1208 3675 omnies

117 3731 195 3799 parte
217 3721 310 3798 gravis
331 3731 393 3779 est:
414 3740 451 3779 v:
472 3739 510 3798 g:
532 3723 557 3779 si
570 3731 678 3798 septem
693 3721 796 3799 psalmi
809 3718 1017 3796 poenitentiales
1031 3715 1206 3781 omittantur,

115 3822 159 3879 vel
187 3822 316 3893 quinque
343 3819 463 3879 decades
490 3821 604 3878 Rosarii
630 3820 666 3878 B.
694 3814 749 3878 V.⁴
793 3820 898 3877 Utrum
925 3817 1017 3893 possit
1042 3811 1208 3889 poeuiteutia

115 3920 211 3996 gravis
220 3921 274 3978 sub
287 3919 344 3977 leri
352 3919 463 3996 injungi
473 3928 602 3993 quaeruut
610 3920 736 3996 theologi
748 3939 756 3988 ;
771 3917 823 3976 sed
832 3925 908 3975 recte
917 3914 985 3972 dicit
994 3913 1027 3970 S.
1038 3910 1207 3987 Alphonsus

116 4020 208 4077 teneri
228 4018 447 4086 confessarium,
465 4019 549 4095 juxta
568 4019 780 4084 Tridentinum,
795 4016 848 4074 sub
867 4013 946 4091 gravi
965 4030 1028 4070 eam
1048 4010 1213 4086 injungere,¹

119 4118 250 4189 quamvis
265 4117 349 4176 aliam
359 4117 518 4201 graviorem
532 4119 585 4176 sub
597 4118 665 4185 levi,
680 4117 726 4175 vel
744 4114 858 4174 consilii
871 4114 969 4180 instar,
983 4110 1086 4169 addere
1106 4108 1208 4186 possit.

155 4276 198 4342 (l)
217 4275 244 4323 S.
255 4275 330 4339 Alps„
342 4276 399 4325 lvi.
411 4292 436 4326 n.
447 4279 506 4327 512.
677 4277 720 4344 (2)
739 4273 803 4324 Vide
814 4273 912 4324 Sucron-
923 4271 987 4338 disp.
998 4270 1087 4322 miii.
1098 4273 1121 4332 ς.
1132 4269 1174 4322 vii.

157 4361 202 4428 (s)
220 4358 248 4410 s.
259 4359 334 4426 Alph.
348 4360 443 4412 tvsc
455 4363 514 4412 sio.
684 4362 726 4428 (4)
744 4359 844 4420 nuso,
855 4374 881 4408 n.
893 4360 951 4407 sic.
