2640 4860
157 368 213 432 DE
227 367 283 431 tls
297 367 398 439 QUAE
409 367 465 429 AD
479 367 1087 437 CELEBRAND.REQU1RUNTUR.
1109 374 1163 430 lll

81 539 117 590 ut
126 535 210 614 ipsius
231 537 388 597 sacerdotis
402 546 430 596 et
450 537 548 615 populi
561 538 721 597 assistentis
734 538 833 600 oculos
846 534 1013 616 effugiat.”¹
1053 546 1073 575 “
1083 536 1165 598 Crux

80 646 162 707 parva
185 655 255 696 cum
281 638 405 715 imagine
427 637 560 696 crucifixi
582 638 674 714 posita
699 654 787 712 super
812 638 1036 707 tabernaculum,
1056 639 1086 696 in
1107 656 1165 711 quo

79 747 239 796 asservatur
258 737 399 796 inclusum
420 737 632 795 sanctissimum
653 746 864 805 sacramentum
882 738 912 796 in
933 737 1022 807 altari,
1043 748 1166 796 nonest

76 833 259 894 sufficiensiu
269 835 431 905 Missa,sed
439 835 735 913 pouidebetaliacrux
744 837 773 893 in
783 833 1167 921 mediocandelabrorum.''²

77 932 111 992 ln
125 934 319 994 Missionibus
339 945 434 994 nmen
447 936 601 994 necessitas
616 934 682 992 facit
693 944 725 993 ut
737 954 807 993 cmx
820 935 985 994 adhibeatur
996 918 1166 996 norladmo·

76 1032 143 1090 dum
169 1053 294 1111 magna;
318 1034 370 1093 sed
395 1033 550 1093 curandum
571 1043 603 1092 ut
627 1043 765 1106 quatenus
791 1035 853 1093 fieri
879 1034 980 1111 possit,
1001 1037 1039 1094 sit
1058 1037 1166 1113 populo

76 1134 249 1209 conspicua:
283 1152 349 1192 nam
374 1133 561 1212 praelaudatus
588 1133 724 1192 Pontifex
750 1133 892 1192 decrevit:
921 1134 1015 1192 “siue
1039 1135 1165 1213 imagine

73 1232 214 1303 crucifixi,
230 1252 294 1306 quae
315 1232 437 1311 pendeat
456 1252 472 1290 e
493 1251 587 1301 cruce,
607 1252 667 1291 rem
689 1232 816 1293 divinam
836 1235 898 1292 fieri
919 1252 977 1293 uou
997 1252 1093 1310 posse,
1109 1235 1166 1293 uisi

74 1333 232 1390 necessitas
240 1332 452 1395 intervenerit.”
475 1331 663 1391 Damnandus
677 1333 760 1391 nobis
769 1351 827 1392 non
837 1332 948 1391 videtur
960 1333 1163 1391 Missionarius

76 1431 125 1504 qui
136 1433 231 1490 crucis
246 1452 333 1509 parva
352 1434 476 1509 imagine
490 1450 602 1490 coronae
622 1432 659 1490 Β.
673 1432 803 1510 Virginis
816 1451 944 1511 appensa
956 1433 986 1491 iu
996 1433 1164 1491 necessitate

74 1531 177 1589 utitur:
200 1531 250 1590 sed
262 1541 374 1608 oportet
386 1532 459 1590 hauc
480 1550 638 1607 praecavere
658 1533 866 1591 necessitatem.
909 1533 943 1591 Si
952 1532 1032 1591 nulla
1044 1533 1163 1592 omnino

74 1630 189 1707 reperiri
217 1633 309 1708 possit
332 1651 413 1698 crux,
434 1630 545 1689 videtur
571 1649 708 1689 excusare
735 1633 902 1699 necessitas,
923 1631 1037 1705 quando
1062 1631 1163 1691 fideles

75 1724 201 1801 alioquin
229 1732 323 1789 Missa
349 1739 484 1789 carerent.
536 1731 570 1788 si
595 1731 726 1788 crucifixi
751 1731 846 1807 imago
870 1732 901 1790 in
927 1732 1020 1790 tabula
1045 1732 1183 1810 majoris·

76 1827 169 1889 altaris
190 1831 230 1889 sit
248 1830 369 1908 depicta,
384 1830 431 1888 vel
450 1830 581 1888 crucifixi
601 1840 702 1896 statua,
724 1848 809 1887 cruce
831 1830 916 1888 altera
935 1849 1009 1907 opus
1030 1850 1087 1890 non
1107 1843 1161 1900 est,

73 1932 207 2000 quamvis
220 1930 398 1988 laudabiliter
411 1929 588 2013 adhibeatur.
630 1930 775 2005 Exposito
789 1928 884 1987 SSmo
899 1928 1084 1989 sacramento
1092 1915 1163 1988 crux

76 2031 154 2104 poni,
169 2031 215 2089 vel
229 2030 331 2097 omitti,
346 2031 458 2106 poterit,
473 2047 525 2106 pro
538 2029 721 2087 ecclesiarum
736 2047 826 2087 more.

113 2132 182 2187 102.
204 2130 325 2188 Missale
334 2129 387 2187 sub
398 2129 476 2205 gravi
484 2138 601 2206 peccato
615 2126 808 2187 adhibendum
819 2137 878 2186 est:
894 2137 999 2186 temere
1010 2129 1087 2186 enim
1098 2129 1163 2200 quis

76 2229 219 2288 memoriae
233 2228 333 2287 fideret
346 2229 375 2288 in
392 2229 460 2286 tanti
474 2228 605 2305 mysterii
615 2229 823 2287 celebratione:
840 2227 917 2302 quod
927 2228 952 2285 si
962 2247 1029 2286 casu
1041 2227 1162 2296 deficiat,

75 2326 225 2401 aliquando
245 2329 376 2388 excusari
389 2329 492 2404 poterit
514 2330 562 2400 qui
586 2327 719 2397 celebrat,
741 2328 864 2406 Auglica
883 2346 946 2400 quae
967 2328 1164 2387 circumfertur

76 2427 134 2503 ejus
148 2429 280 2486 versione
294 2437 376 2486 utens
399 2426 435 2485 ad
455 2429 623 2486 memoriam
645 2427 811 2511 juvandam.
855 2425 1101 2486 communissima
1120 2439 1164 2485 est

76 2528 215 2595 sententia
228 2526 402 2586 sacerdotem
417 2527 467 2600 qui
474 2525 550 2584 certd
559 2527 638 2586 novit
646 2545 677 2583 se
691 2526 767 2584 haud
776 2525 859 2584 facile
869 2528 1009 2585 memoria
1017 2526 1164 2602 lapsurum

76 2627 215 2694 excusari,
230 2627 255 2684 si
268 2626 415 2685 deficiente
429 2627 555 2695 Missali,
571 2626 711 2684 celebret:
733 2625 783 2683 sed
797 2624 967 2700 plerumque
986 2626 1060 2683 liber
1076 2641 1163 2700 appo·

75 2725 181 2784 nendus
196 2735 241 2784 est
254 2745 290 2784 ne
303 2726 402 2785 fideles
423 2726 569 2784 mirentur.
604 2725 662 2792 Qui
679 2723 824 2782 debilioris
844 2731 888 2780 est
907 2724 996 2791 visus,
1011 2721 1163 2794 aliquando

76 2824 316 2903 dispensationem
331 2826 433 2903 accipit
445 2824 616 2892 celebrandi,
630 2823 681 2881 sed
695 2842 735 2880 eae
748 2822 855 2900 apponi
864 2821 1162 2889 solentconditiones3

77 2933 92 2959 ‘⁶
101 2925 180 2998 quod
194 2944 253 2984 non
267 2926 304 2984 sit
316 2926 433 2984 omnino
446 2943 549 2992 caecus,
564 2932 592 2981 et
601 2923 765 2981 memoriter
775 2941 832 2983 non
846 2921 974 2982 recitet.”
1017 2921 1164 2978 Gaecovix

75 3041 197 3098 uuquam
212 3025 330 3083 facultas
343 3023 505 3084 celebrandi
520 3023 694 3082 conceditur.
738 3020 881 3080 Cussinus
901 3018 1106 3098 supponendus
1120 3029 1164 3077 est

75 3123 194 3191 Missali,
210 3124 257 3183 vel
274 3123 360 3201 legile
386 3125 449 3200 ejus
475 3123 550 3182 loco.
593 3122 628 3180 ln
648 3122 834 3180 missionibus
861 3130 954 3179 autern
978 3119 1055 3179 haud
1079 3119 1165 3178 facile

75 3220 167 3282 haberi
180 3232 286 3301 potest.
1132 3260 1148 3307 f·
1157 3282 1179 3309 ἱ.
1207 3224 1231 3313 ‘'u·
1247 3244 1253 3277 .-

111 3327 180 3382 103.
203 3332 223 3358 “
232 3323 327 3381 Altare
342 3323 429 3400 pallio
440 3340 554 3395 quoque
568 3330 693 3389 ornetur,
704 3321 807 3381 coloris
822 3320 915 3394 quoad
928 3321 989 3379 fieri
1003 3328 1097 3398 potest
1147 3302 1262 3397 Ἓξ

72 3419 153 3490 festo,
169 3423 216 3481 vel
229 3422 326 3481 officio
339 3421 568 3481 convenientis.”
610 3420 653 3479 Ita
667 3421 976 3498 praescribitRubrica:
991 3414 1171 3499 quapropter·
1188 3430 1219 3477 -.'
1248 3406 1251 3411 ’

75 3521 274 3599 antepeudium
287 3521 341 3579 sub
354 3530 470 3600 peccato
483 3521 588 3579 veniali
601 3521 707 3594 requiri
720 3530 817 3580 censet
837 3521 869 3578 S.
890 3521 1059 3598 Alphousus
1069 3517 1094 3578 :³
1113 3539 1163 3579 ex·

74 3622 220 3699 cipiuntur,
240 3630 334 3680 tamen
361 3620 458 3680 altaria
483 3639 521 3680 ex
546 3638 697 3678 marmore.
752 3621 839 3698 Apud
860 3640 914 3680 nos
936 3620 995 3679 fere
1020 3637 1163 3691 nusquam

76 3719 232 3779 adhibetur.

22 3808 26 3816 ²
113 3823 182 3878 104.
206 3828 225 3855 “
237 3819 378 3878 Parentur
398 3819 529 3896 ampullae
550 3821 646 3878 vitreae
665 3818 724 3877 vini
745 3827 772 3877 et
795 3835 875 3890 aque
894 3833 961 3873 cum
980 3811 1122 3891 pelvicula
1134 3823 1163 3870 et

75 3918 283 3996 manuargioss’
326 3919 431 3978 Vitrea
451 3919 584 3996 ampullae
608 3918 749 3995 argenteis
775 3923 841 3975 sunt
860 3910 1058 3979 anteferenda,
1073 3929 1162 3983 quum

75 4016 171 4076 vinum
194 4019 228 4076 ab
249 4036 323 4092 aque
347 4017 459 4075 facilius
479 4018 564 4077 iniis
590 4017 789 4094 distinguatur.
830 4014 866 4072 ln
886 4011 1023 4071 missioni
1036 4010 1159 4068 busvasa

76 4132 262 4191 quecumque
276 4116 452 4176 adhibentur.

179 4278 223 4343 ll)
242 4275 315 4328 Tom-
325 4276 351 4328 ii.
361 4277 420 4329 bull.
430 4292 455 4346 p.
470 4279 526 4327 125.
694 4275 738 4341 (2)
757 4273 785 4323 S.
796 4272 845 4328 Rit.
858 4271 938 4340 Gorg.
950 4287 990 4324 en.
1003 4273 1076 4321 166³.

503 4361 546 4428 (a)
565 4357 595 4410 1..
605 4359 635 4410 vi
646 4373 672 4410 n.
684 4360 742 4409 306.
