2640 4860
634 130 650 161 λ

357 366 416 425 DE
435 367 630 426 MATERIA
648 368 708 428 ΕΤ
728 369 886 428 FORMA.
1152 376 1171 440 b

82 532 276 592 innumerum
289 530 412 609 plurium
426 532 544 590 mutatio
564 531 671 604 absque
691 534 859 593 necessitate
880 533 962 604 facta,
983 534 1052 596 dum
1070 536 1167 615 plures
1246 546 1249 551 ’

81 631 269 708 baptizantur,
277 629 324 689 vel
333 631 525 700 absolvuntur,
536 650 553 689 a
565 632 644 708 gravi
657 632 741 709 culpa
750 652 767 690 a
776 631 868 692 Oroix
880 627 1058 703 excusatur,¹
1070 644 1168 714 utpote

81 728 154 789 haud
166 730 301 788 notabilis
313 748 321 787 ε
341 729 393 788 sed
405 729 488 789 valde
501 729 736 806 reprehendenda
747 741 800 790 est.

117 828 313 888 ruDamnau
331 838 377 888 est
398 829 573 906 propositio:
597 830 698 889 “Non
718 831 911 891 est-illicitum
931 833 962 891 in
982 835 1166 895 sacramentis

81 927 259 987 conferendis
272 929 355 1003 sequi
367 929 533 1004 opinionem
543 929 718 1005 probabilem
729 928 764 988 de
774 931 871 988 valore
880 933 1058 1002 sacramenti,
1068 933 1168 994 relicta

81 1027 192 1096 tutiore,
214 1028 272 1087 nisi
290 1026 320 1086 id
342 1036 423 1087 vetet
436 1028 494 1096 lex,
517 1029 678 1098 conventio,
700 1029 746 1088 vel
766 1031 926 1106 periculum
949 1033 1044 1109 gravis
1068 1032 1166 1094 damni

80 1124 252 1186 incurrendi.
279 1125 374 1186 ·Hlnc
391 1127 531 1186 sententia
550 1128 690 1204 probabili
710 1137 816 1189 tantum
837 1129 974 1190 utendum
993 1140 1115 1191 nonest
1136 1134 1168 1192 in

81 1225 231 1284 collatione
249 1226 393 1303 baptismi,
414 1226 523 1285 ordinis
537 1226 730 1296 sacerdotalis,
751 1226 1038 1305 aut·episcopalis.'’²
1077 1231 1167 1307 Igitur

81 1325 186 1397 absque
199 1322 258 1383 ulla
270 1325 344 1401 lege,
358 1325 546 1384 conventione
559 1326 605 1386 vel
617 1327 745 1404 periculo
758 1329 851 1405 gravis
865 1326 973 1398 damni,
988 1349 1046 1390 non
1058 1329 1125 1388 licet
1137 1331 1167 1388 in

80 1425 263 1482 sacramentis
288 1424 469 1484 conferendis
502 1427 584 1497 sequi
616 1427 782 1502 opinionem
808 1427 984 1504 probabilem
1010 1428 1045 1487 de
1072 1430 1167 1488 valore

80 1523 257 1592 sacramenti,
271 1524 369 1582 relicta
382 1525 504 1583 tutiores
522 1542 589 1582 nam
608 1526 766 1584 reverentia
779 1524 898 1585 Christo
911 1527 1015 1597 debita,
1035 1537 1064 1585 et
1076 1528 1168 1587 chari·

81 1629 120 1678 tas
134 1639 202 1698 erga
214 1623 376 1698 proximum
391 1624 511 1701 exigunt
528 1631 560 1681 ut
578 1625 674 1683 tutiori
687 1625 843 1694 sententiae,
859 1635 998 1699 quatenus
1012 1629 1167 1704 possimus,

80 1720 279 1779 inhereamus.
312 1721 471 1782 Probabilis
485 1722 630 1781 nonnullis
644 1724 756 1782 videtur
768 1726 908 1783 sententia
920 1728 1167 1787 confirmationem

80 1838 217 1878 manuum
230 1821 414 1896 impositione
436 1840 503 1881 cum
524 1839 608 1897 prece
628 1823 780 1899 conjuncta
802 1823 933 1893 conferri,
956 1826 1062 1898 absque
1079 1825 1168 1883 cbris-

82 1919 163 1989 matis
189 1922 341 1979 unctione:
376 1920 428 1980 sed
452 1928 585 1998 peccaret
613 1921 780 1997 gravissime
818 1921 972 1998 episcopus
1004 1924 1168 1981 unctionem

80 2019 225 2077 omittens.
267 2019 427 2079 Probabilis
451 2020 514 2079 aliis
535 2020 646 2079 videtur
666 2020 766 2097 opinio
785 2038 848 2079 eam
871 2021 992 2080 conferri
1012 2040 1046 2079 ea
1065 2039 1168 2081 manus

81 2117 265 2196 impositione
277 2138 335 2192 qua
346 2119 381 2178 fit
390 2120 496 2187 unctio,
517 2121 627 2178 omissa
645 2136 782 2178 manuum
795 2121 963 2180 extensione
976 2139 1041 2180 cum
1055 2122 1168 2180 invoca·

81 2217 167 2285 bone,
182 2235 247 2290 quae
256 2226 350 2277 tamen
360 2217 436 2277 haud
449 2219 512 2276 sine
525 2219 602 2294 gravi
613 2228 730 2295 peccato
743 2219 904 2298 negligitur.
947 2220 996 2278 Sic
1009 2229 1038 2278 et
1050 2221 1168 2279 balsami

76 2334 139 2375 cum
152 2317 220 2376 oleo
233 2315 370 2376 admixtio
383 2319 414 2377 in
427 2317 579 2393 chrismate
592 2316 779 2387 conficiendo,
795 2319 879 2396 juxta
897 2319 1086 2392 quorumdam
1099 2338 1165 2378 sen·

82 2416 199 2475 tentiam
213 2417 374 2475 necessaria
387 2435 445 2476 non
458 2425 520 2485 est;
540 2435 594 2474 nec
608 2427 702 2476 tamen
714 2417 782 2475 licet
795 2436 857 2476 earn
871 2420 1012 2477 omittere.
1033 2421 1168 2479 Attamen
1183 2495 1185 2502 Α

82 2514 106 2572 si
117 2523 196 2574 certa
209 2517 327 2574 materia
337 2534 395 2575 non
409 2524 551 2592 suppetat,
566 2534 600 2573 v:
618 2536 652 2594 g:
675 2517 773 2574 vinum
786 2517 821 2576 ad
834 2516 1042 2577 conficiendam
1053 2517 1168 2576 Eucha-

83 2614 200 2682 ristiam,
224 2615 302 2687 quod
321 2633 424 2692 purum
445 2633 508 2673 esse
535 2623 654 2685 constat,
677 2634 735 2675 non
748 2615 859 2674 videtur
878 2615 1007 2674 illicitum
1033 2616 1102 2673 vino
1126 2619 1168 2674 uti

83 2714 156 2786 quod
170 2712 363 2781 adulteratum¹
372 2732 437 2773 esse
451 2733 615 2784 censemus,
635 2714 792 2774 dummodo
811 2715 969 2773 substantia
981 2715 1040 2773 vini
1053 2731 1168 2772 manere
1190 2718 1195 2728 '

83 2812 224 2872 rideatur:
245 2831 330 2873 secus
344 2815 374 2872 in
387 2814 440 2872 hac
453 2815 569 2891 regione
584 2834 600 2872 a
614 2814 755 2874 sacrificio
768 2813 937 2873 celebrando
958 2814 1016 2872 sere
1030 2811 1167 2889 perpetud

84 2912 279 2972 abstinendum
289 2914 379 2972 soret:
401 2901 452 2972 sed
462 2913 656 2973 sacerdotibus
666 2912 821 2971 curandum
831 2914 951 2971 omnino
964 2921 1017 2978 est,
1028 2921 1059 2968 ut
1069 2911 1168 2970 vinum

84 3009 215 3071 habeatur
228 3014 381 3090 integrum,
402 3013 448 3071 vel
466 3014 567 3071 saltem
584 3011 622 3071 ds
640 3031 696 3085 quo
715 3018 825 3069 constet
837 3010 1023 3068 substantiam
1036 3027 1166 3067 manere:

85 3111 129 3168 vix
141 3112 218 3171 enim
233 3132 249 3169 a
261 3121 380 3188 peccato
392 3113 470 3187 gravi
482 3120 664 3179 excusantur,
678 3111 727 3184 qui
742 3109 848 3167 nullam
861 3128 895 3167 ea
908 3108 944 3167 de
956 3128 987 3167 re
1002 3107 1168 3167 adhibentes

84 3210 303 3279 solicitudinem,
330 3210 531 3285 quodcumque
564 3211 624 3270 vini
656 3211 772 3269 nomine
798 3209 829 3268 in
854 3210 992 3287 cauponis
1018 3208 1113 3277 vaenit,
1139 3209 1169 3267 iu

85 3307 272 3369 Eucharistiae
283 3311 463 3370 coniectione
472 3320 619 3388 usurpant.
661 3310 740 3368 Dicit
751 3309 893 3368 Antoine:
916 3316 935 3344 ‘⁸
946 3326 1092 3380 nunquam
1102 3308 1171 3366 licet

85 3407 215 3468 adhibere
228 3411 377 3470 materiam
391 3409 508 3470 dubiam
522 3411 552 3468 iu
565 3399 798 3468 Eucharistia.”³

120 3513 149 3565 8.
170 3509 207 3567 ln
219 3511 404 3569 sacramentis
424 3507 604 3570 conserendis
624 3509 710 3566 licere
731 3508 773 3566 uti
794 3506 930 3583 opinione
951 3504 1100 3581 probabili,
1120 3505 1169 3564 ubi

84 3609 263 3683 presumitur
283 3609 418 3668 Ecclesia
442 3610 578 3686 supplere
594 3606 834 3686 jurisdictionem,
855 3606 902 3664 vel
928 3604 1026 3663 tollere
1051 3604 1171 3681 impedi·

85 3717 221 3777 mentum,
246 3726 284 3765 ex
303 3708 539 3768 communissima
559 3708 698 3765 sententia
718 3704 802 3764 docet
824 3705 856 3762 S.
877 3703 1062 3781 Alphonsus:
1085 3721 1171 3775 quam
1223 3718 1226 3723 ·

85 3808 253 3866 sententiam
278 3806 387 3884 Sporer
406 3816 488 3866 vocat
509 3806 651 3865 moraliter
670 3813 787 3872 certam,
808 3804 939 3876 hancque
965 3808 1082 3858 testatur
1107 3816 1170 3856 esse

84 3906 193 3980 praxim
206 3907 292 3966 totius
306 3899 474 3965 Ecclesiae.⁴
513 3905 563 3962 Sic
576 3903 707 3963 sacerdos
721 3903 841 3961 absolvit
861 3921 877 3958 a
897 3908 1013 3976 peccato
1027 3905 1170 3957 reservato

420 4077 480 4126 Vide
491 4075 556 4141 apud
567 4075 592 4124 S.
607 4075 681 4139 Alph.
692 4074 707 4123 1.
720 4073 750 4120 vi.
762 4087 787 4120 n.
799 4071 839 4118 29.

417 4160 433 4208 i.
439 4175 516 4228 prop.
527 4159 593 4210 inter
604 4157 747 4213 domamus,
757 4168 825 4204 anno
835 4152 906 4200 1679.

414 4244 494 4293 Traet.
505 4242 535 4295 dc
547 4244 601 4294 Suc.
612 4258 633 4294 c.
644 4241 659 4290 i.
671 4237 755 4303 quvi.

371 4330 400 4394 4)
421 4328 496 4393 Apud
505 4329 531 4376 S.
543 4325 669 4392 Alph.1.i.
681 4339 706 4373 n.
716 4325 756 4375 uu.

606 4409 652 4469 2*
