<?xml version="1.0" encoding="UTF-8"?>
<!DOCTYPE html PUBLIC "-//W3C//DTD XHTML 1.0 Transitional//EN"
    "http://www.w3.org/TR/xhtml1/DTD/xhtml1-transitional.dtd">
<html xmlns="http://www.w3.org/1999/xhtml" xml:lang="en" lang="en">
 <head>
  <title>
</title>
<meta http-equiv="Content-Type" content="text/html;charset=utf-8" />
  <meta name='ocr-system' content='tesseract 3.04.00' />
  <meta name='ocr-capabilities' content='ocr_page ocr_carea ocr_par ocr_line ocrx_word'/>
</head>
<body>
  <div class='ocr_page' id='page_1' title='image "./theologiaemoral01kenrgoog_0016.png"; bbox 0 0 2640 4860; ppageno 0'>
   <div class='ocr_carea' id='block_1_1' title="bbox 327 910 944 1002">
    <p class='ocr_par' dir='ltr' id='par_1_1' title="bbox 327 910 944 1002">
     <span class='ocr_line' id='line_1_1' title="bbox 327 910 944 1002; baseline 0.002 -2"><span class='ocrx_word' id='word_1_1' title='bbox 327 911 666 1002; x_wconf 81' lang='lat' dir='ltr'><strong>GREGORIUS</strong></span> <span class='ocrx_word' id='word_1_2' title='bbox 705 910 799 1001; x_wconf 90' lang='grc' dir='ltr'><strong>Ρ.Ρ.</strong></span> <span class='ocrx_word' id='word_1_3' title='bbox 828 911 944 1001; x_wconf 89' lang='lat' dir='ltr'><strong>XVI.</strong></span> 
     </span>
    </p>
   </div>
   <div class='ocr_carea' id='block_1_2' title="bbox 88 1197 1181 2213">
    <p class='ocr_par' dir='ltr' id='par_1_2' title="bbox 88 1197 1181 2213">
     <span class='ocr_line' id='line_1_2' title="bbox 130 1197 1178 1278; baseline 0.001 -23"><span class='ocrx_word' id='word_1_4' title='bbox 130 1199 338 1258; x_wconf 79' lang='lat' dir='ltr'><strong>Vnunnasrms</strong></span> <span class='ocrx_word' id='word_1_5' title='bbox 363 1200 489 1259; x_wconf 78' lang='lat' dir='ltr'><strong>Fnarun</strong></span> <span class='ocrx_word' id='word_1_6' title='bbox 514 1200 684 1259; x_wconf 90' lang='lat' dir='ltr'><strong>salutemet</strong></span> <span class='ocrx_word' id='word_1_7' title='bbox 709 1198 906 1278; x_wconf 88' lang='lat' dir='ltr'><strong>Apostolicam</strong></span> <span class='ocrx_word' id='word_1_8' title='bbox 932 1197 1178 1259; x_wconf 88' lang='lat' dir='ltr'><strong>Benedictionem.</strong></span> 
     </span>
     <span class='ocr_line' id='line_1_3' title="bbox 90 1316 1178 1395; baseline 0.004 -22"><span class='ocrx_word' id='word_1_9' title='bbox 90 1316 263 1392; x_wconf 79' lang='lat' dir='ltr'><strong>Accepimus</strong></span> <span class='ocrx_word' id='word_1_10' title='bbox 278 1316 422 1376; x_wconf 93' lang='lat' dir='ltr'><strong>Volumen</strong></span> <span class='ocrx_word' id='word_1_11' title='bbox 436 1336 529 1395; x_wconf 85' lang='lat' dir='ltr'><strong>nuper</strong></span> <span class='ocrx_word' id='word_1_12' title='bbox 541 1338 558 1375; x_wconf 91' lang='lat' dir='ltr'><strong>a</strong></span> <span class='ocrx_word' id='word_1_13' title='bbox 570 1316 616 1374; x_wconf 89' lang='lat' dir='ltr'><strong>Te</strong></span> <span class='ocrx_word' id='word_1_14' title='bbox 631 1317 659 1374; x_wconf 90' lang='lat' dir='ltr'><strong>in</strong></span> <span class='ocrx_word' id='word_1_15' title='bbox 675 1317 767 1376; x_wconf 92' lang='lat' dir='ltr'><strong>lucem</strong></span> <span class='ocrx_word' id='word_1_16' title='bbox 786 1316 893 1376; x_wconf 92' lang='lat' dir='ltr'><strong>editum</strong></span> <span class='ocrx_word' id='word_1_17' title='bbox 907 1325 963 1375; x_wconf 87' lang='lat' dir='ltr'><strong>tres</strong></span> <span class='ocrx_word' id='word_1_18' title='bbox 983 1318 1178 1394; x_wconf 74' lang='lat' dir='ltr'><strong>complectens</strong></span> 
     </span>
     <span class='ocr_line' id='line_1_4' title="bbox 90 1432 1180 1512; baseline 0.003 -22"><span class='ocrx_word' id='word_1_19' title='bbox 90 1434 200 1510; x_wconf 87' lang='lat' dir='ltr'>priores</span> <span class='ocrx_word' id='word_1_20' title='bbox 215 1432 365 1491; x_wconf 90' lang='lat' dir='ltr'><strong>Tractatus</strong></span> <span class='ocrx_word' id='word_1_21' title='bbox 379 1434 556 1510; x_wconf 79' lang='lat' dir='ltr'><strong>Dogmaticre</strong></span> <span class='ocrx_word' id='word_1_22' title='bbox 570 1434 752 1512; x_wconf 80' lang='lat' dir='ltr'><strong>Theologiae,</strong></span> <span class='ocrx_word' id='word_1_23' title='bbox 768 1452 855 1507; x_wconf 88' lang='lat' dir='ltr'><strong>quam</strong></span> <span class='ocrx_word' id='word_1_24' title='bbox 875 1434 905 1492; x_wconf 93' lang='lat' dir='ltr'><strong>in</strong></span> <span class='ocrx_word' id='word_1_25' title='bbox 924 1434 1089 1493; x_wconf 89' lang='lat' dir='ltr'><strong>Americani</strong></span> <span class='ocrx_word' id='word_1_26' title='bbox 1109 1454 1180 1512; x_wconf 79' lang='lat' dir='ltr'><strong>prze-</strong></span> 
     </span>
     <span class='ocr_line' id='line_1_5' title="bbox 89 1550 1181 1633; baseline 0.003 -28"><span class='ocrx_word' id='word_1_27' title='bbox 89 1550 187 1630; x_wconf 80' lang='lat' dir='ltr'><strong>sertim</strong></span> <span class='ocrx_word' id='word_1_28' title='bbox 211 1550 279 1608; x_wconf 89' lang='lat' dir='ltr'><strong>cleri</strong></span> <span class='ocrx_word' id='word_1_29' title='bbox 305 1569 389 1610; x_wconf 88' lang='lat' dir='ltr'><strong>usum</strong></span> <span class='ocrx_word' id='word_1_30' title='bbox 410 1551 531 1609; x_wconf 90' lang='lat' dir='ltr'><strong>scribere</strong></span> <span class='ocrx_word' id='word_1_31' title='bbox 551 1569 634 1610; x_wconf 88' lang='lat' dir='ltr'><strong>orsus</strong></span> <span class='ocrx_word' id='word_1_32' title='bbox 654 1570 696 1609; x_wconf 90' lang='lat' dir='ltr'><strong>es.</strong></span> <span class='ocrx_word' id='word_1_33' title='bbox 731 1550 851 1609; x_wconf 82' lang='lat' dir='ltr'><strong>Perlatae</strong></span> <span class='ocrx_word' id='word_1_34' title='bbox 871 1552 959 1610; x_wconf 88' lang='lat' dir='ltr'><strong>simul</strong></span> <span class='ocrx_word' id='word_1_35' title='bbox 973 1550 1008 1609; x_wconf 92' lang='lat' dir='ltr'><strong>ad</strong></span> <span class='ocrx_word' id='word_1_36' title='bbox 1027 1551 1094 1633; x_wconf 78' lang='lat' dir='ltr'><strong>lVos</strong></span> <span class='ocrx_word' id='word_1_37' title='bbox 1115 1560 1181 1610; x_wconf 90' lang='lat' dir='ltr'><strong>sunt</strong></span> 
     </span>
     <span class='ocr_line' id='line_1_6' title="bbox 91 1663 1177 1744; baseline 0.004 -23"><span class='ocrx_word' id='word_1_38' title='bbox 91 1663 207 1722; x_wconf 88' lang='lat' dir='ltr'><strong>Litterae</strong></span> <span class='ocrx_word' id='word_1_39' title='bbox 221 1666 331 1741; x_wconf 91' lang='lat' dir='ltr'><strong>pietatis</strong></span> <span class='ocrx_word' id='word_1_40' title='bbox 345 1674 373 1724; x_wconf 91' lang='lat' dir='ltr'><strong>et</strong></span> <span class='ocrx_word' id='word_1_41' title='bbox 383 1667 511 1739; x_wconf 87' lang='lat' dir='ltr'><strong>obsequii</strong></span> <span class='ocrx_word' id='word_1_42' title='bbox 525 1666 626 1743; x_wconf 81' lang='lat' dir='ltr'><strong>plenae,</strong></span> <span class='ocrx_word' id='word_1_43' title='bbox 641 1664 711 1724; x_wconf 81' lang='lat' dir='ltr'><strong>datae</strong></span> <span class='ocrx_word' id='word_1_44' title='bbox 726 1685 742 1722; x_wconf 88' lang='lat' dir='ltr'><strong>a</strong></span> <span class='ocrx_word' id='word_1_45' title='bbox 755 1664 801 1722; x_wconf 92' lang='lat' dir='ltr'><strong>Te</strong></span> <span class='ocrx_word' id='word_1_46' title='bbox 814 1665 861 1723; x_wconf 91' lang='lat' dir='ltr'><strong>die</strong></span> <span class='ocrx_word' id='word_1_47' title='bbox 874 1671 923 1724; x_wconf 84' lang='lat'><strong>20.</strong></span> <span class='ocrx_word' id='word_1_48' title='bbox 939 1668 1045 1725; x_wconf 81' lang='lat' dir='ltr'>mensis</span> <span class='ocrx_word' id='word_1_49' title='bbox 1059 1667 1177 1744; x_wconf 76' lang='lat' dir='ltr'><strong>Aprilis,</strong></span> 
     </span>
     <span class='ocr_line' id='line_1_7' title="bbox 90 1781 1178 1859; baseline 0.005 -22"><span class='ocrx_word' id='word_1_50' title='bbox 90 1781 193 1852; x_wconf 88' lang='lat' dir='ltr'><strong>quibus</strong></span> <span class='ocrx_word' id='word_1_51' title='bbox 220 1781 375 1858; x_wconf 89' lang='lat' dir='ltr'><strong>primordia</strong></span> <span class='ocrx_word' id='word_1_52' title='bbox 401 1783 501 1842; x_wconf 89' lang='lat' dir='ltr'><strong>eadem</strong></span> <span class='ocrx_word' id='word_1_53' title='bbox 527 1783 567 1841; x_wconf 93' lang='lat' dir='ltr'><strong>tui</strong></span> <span class='ocrx_word' id='word_1_54' title='bbox 591 1782 687 1859; x_wconf 87' lang='lat' dir='ltr'><strong>operis</strong></span> <span class='ocrx_word' id='word_1_55' title='bbox 713 1781 790 1840; x_wconf 90' lang='lat' dir='ltr'><strong>dono</strong></span> <span class='ocrx_word' id='word_1_56' title='bbox 813 1782 907 1841; x_wconf 93' lang='lat' dir='ltr'><strong>Nobis</strong></span> <span class='ocrx_word' id='word_1_57' title='bbox 930 1783 1034 1842; x_wconf 85' lang='lat' dir='ltr'><strong>offerre</strong></span> <span class='ocrx_word' id='word_1_58' title='bbox 1054 1783 1178 1842; x_wconf 89' lang='lat' dir='ltr'><strong>voluisti.</strong></span> 
     </span>
     <span class='ocr_line' id='line_1_8' title="bbox 92 1898 1180 1979; baseline 0.006 -24"><span class='ocrx_word' id='word_1_59' title='bbox 92 1898 209 1958; x_wconf 90' lang='lat' dir='ltr'><strong>Utinam</strong></span> <span class='ocrx_word' id='word_1_60' title='bbox 224 1901 343 1960; x_wconf 86' lang='lat' dir='ltr'><strong>lectioni</strong></span> <span class='ocrx_word' id='word_1_61' title='bbox 356 1903 419 1979; x_wconf 88' lang='lat' dir='ltr'><strong>ejus</strong></span> <span class='ocrx_word' id='word_1_62' title='bbox 442 1902 524 1959; x_wconf 89' lang='lat' dir='ltr'><strong>Libri</strong></span> <span class='ocrx_word' id='word_1_63' title='bbox 537 1919 637 1959; x_wconf 87' lang='lat' dir='ltr'><strong>vacare</strong></span> <span class='ocrx_word' id='word_1_64' title='bbox 651 1901 745 1958; x_wconf 92' lang='lat' dir='ltr'><strong>Nobis</strong></span> <span class='ocrx_word' id='word_1_65' title='bbox 765 1900 904 1967; x_wconf 87' lang='lat' dir='ltr'><strong>licuisset,</strong></span> <span class='ocrx_word' id='word_1_66' title='bbox 918 1900 1042 1960; x_wconf 89' lang='lat' dir='ltr'><strong>sednon</strong></span> <span class='ocrx_word' id='word_1_67' title='bbox 1059 1904 1180 1979; x_wconf 87' lang='lat' dir='ltr'><strong>permis·</strong></span> 
     </span>
     <span class='ocr_line' id='line_1_9' title="bbox 89 2017 1179 2096; baseline 0.006 -23"><span class='ocrx_word' id='word_1_68' title='bbox 89 2026 173 2075; x_wconf 90' lang='lat' dir='ltr'><strong>erunt</strong></span> <span class='ocrx_word' id='word_1_69' title='bbox 198 2021 399 2096; x_wconf 80' lang='lat' dir='ltr'><strong>occupationes</strong></span> <span class='ocrx_word' id='word_1_70' title='bbox 423 2019 607 2095; x_wconf 76' lang='lat' dir='ltr'><strong>gravissimae,</strong></span> <span class='ocrx_word' id='word_1_71' title='bbox 635 2018 739 2091; x_wconf 87' lang='lat' dir='ltr'><strong>quibus</strong></span> <span class='ocrx_word' id='word_1_72' title='bbox 766 2036 818 2094; x_wconf 91' lang='lat' dir='ltr'><strong>pro</strong></span> <span class='ocrx_word' id='word_1_73' title='bbox 843 2017 1023 2077; x_wconf 79' lang='lat' dir='ltr'><strong>solicitudine</strong></span> <span class='ocrx_word' id='word_1_74' title='bbox 1050 2022 1179 2081; x_wconf 81' lang='lat' dir='ltr'><strong>omniurn</strong></span> 
     </span>
     <span class='ocr_line' id='line_1_10' title="bbox 88 2133 1180 2213; baseline 0.005 -22"><span class='ocrx_word' id='word_1_75' title='bbox 88 2133 286 2194; x_wconf 90' lang='lat' dir='ltr'><strong>Ecclesiarum</strong></span> <span class='ocrx_word' id='word_1_76' title='bbox 301 2137 455 2193; x_wconf 84' lang='lat' dir='ltr'><strong>infirmitati</strong></span> <span class='ocrx_word' id='word_1_77' title='bbox 468 2144 570 2194; x_wconf 85' lang='lat' dir='ltr'><strong>nostrae</strong></span> <span class='ocrx_word' id='word_1_78' title='bbox 584 2135 649 2193; x_wconf 92' lang='lat' dir='ltr'><strong>Deo</strong></span> <span class='ocrx_word' id='word_1_79' title='bbox 663 2144 776 2192; x_wconf 91' lang='lat' dir='ltr'><strong>auctore</strong></span> <span class='ocrx_word' id='word_1_80' title='bbox 789 2135 924 2210; x_wconf 91' lang='lat' dir='ltr'><strong>imposita</strong></span> <span class='ocrx_word' id='word_1_81' title='bbox 939 2137 1047 2213; x_wconf 83' lang='lat' dir='ltr'><strong>jugiter</strong></span> <span class='ocrx_word' id='word_1_82' title='bbox 1064 2137 1180 2197; x_wconf 88' lang='lat' dir='ltr'><strong>distine-</strong></span> 
     </span>
    </p>
   </div>
   <div class='ocr_carea' id='block_1_3' title="bbox 88 2246 1291 2328">
    <p class='ocr_par' dir='ltr' id='par_1_3' title="bbox 88 2246 1291 2328">
     <span class='ocr_line' id='line_1_11' title="bbox 88 2246 1291 2328; baseline 0.003 -19"><span class='ocrx_word' id='word_1_83' title='bbox 88 2270 163 2309; x_wconf 88' lang='lat' dir='ltr'><strong>mur.</strong></span> <span class='ocrx_word' id='word_1_84' title='bbox 185 2253 258 2311; x_wconf 89' lang='lat' dir='ltr'><strong>Nixi</strong></span> <span class='ocrx_word' id='word_1_85' title='bbox 272 2261 364 2311; x_wconf 88' lang='lat' dir='ltr'><strong>autem</strong></span> <span class='ocrx_word' id='word_1_86' title='bbox 379 2253 479 2310; x_wconf 91' lang='lat' dir='ltr'><strong>virtute</strong></span> <span class='ocrx_word' id='word_1_87' title='bbox 491 2252 626 2310; x_wconf 86' lang='lat' dir='ltr'><strong>tuasacile</strong></span> <span class='ocrx_word' id='word_1_88' title='bbox 635 2251 729 2309; x_wconf 90' lang='lat' dir='ltr'><strong>Nobis</strong></span> <span class='ocrx_word' id='word_1_89' title='bbox 741 2251 919 2328; x_wconf 89' lang='lat' dir='ltr'><strong>pollicemur,</strong></span> <span class='ocrx_word' id='word_1_90' title='bbox 934 2253 990 2320; x_wconf 88' lang='lat' dir='ltr'><strong>Te,</strong></span> <span class='ocrx_word' id='word_1_91' title='bbox 1000 2253 1180 2313; x_wconf 84' lang='lat' dir='ltr'><strong>Venerabilis</strong></span> <span class='ocrx_word' id='word_1_92' title='bbox 1281 2246 1291 2281; x_wconf 69' lang='lat'>²</span> 
     </span>
    </p>
   </div>
   <div class='ocr_carea' id='block_1_4' title="bbox 38 2367 1255 3609">
    <p class='ocr_par' dir='ltr' id='par_1_4' title="bbox 38 2367 1255 3609">
     <span class='ocr_line' id='line_1_12' title="bbox 89 2367 1179 2444; baseline 0.005 -20"><span class='ocrx_word' id='word_1_93' title='bbox 89 2368 199 2436; x_wconf 84' lang='lat' dir='ltr'><strong>Frater,</strong></span> <span class='ocrx_word' id='word_1_94' title='bbox 209 2369 239 2425; x_wconf 93' lang='lat' dir='ltr'><strong>in</strong></span> <span class='ocrx_word' id='word_1_95' title='bbox 254 2388 288 2427; x_wconf 92' lang='lat' dir='ltr'><strong>eo</strong></span> <span class='ocrx_word' id='word_1_96' title='bbox 301 2367 474 2427; x_wconf 89' lang='lat' dir='ltr'><strong>lucubraudo</strong></span> <span class='ocrx_word' id='word_1_97' title='bbox 485 2386 571 2444; x_wconf 91' lang='lat' dir='ltr'><strong>opere</strong></span> <span class='ocrx_word' id='word_1_98' title='bbox 582 2367 611 2426; x_wconf 91' lang='lat' dir='ltr'><strong>id</strong></span> <span class='ocrx_word' id='word_1_99' title='bbox 620 2369 775 2443; x_wconf 81' lang='lat' dir='ltr'><strong>praesertim</strong></span> <span class='ocrx_word' id='word_1_100' title='bbox 793 2377 930 2444; x_wconf 88' lang='lat' dir='ltr'><strong>spectare,</strong></span> <span class='ocrx_word' id='word_1_101' title='bbox 941 2379 972 2427; x_wconf 94' lang='lat' dir='ltr'><strong>ut</strong></span> <span class='ocrx_word' id='word_1_102' title='bbox 981 2369 1179 2430; x_wconf 90' lang='lat' dir='ltr'><strong>nihilomnino</strong></span> 
     </span>
     <span class='ocr_line' id='line_1_13' title="bbox 90 2484 1180 2566; baseline 0.002 -22"><span class='ocrx_word' id='word_1_103' title='bbox 90 2486 228 2566; x_wconf 84' lang='lat' dir='ltr'><strong>proferas,</strong></span> <span class='ocrx_word' id='word_1_104' title='bbox 244 2485 320 2559; x_wconf 92' lang='lat' dir='ltr'><strong>quod</strong></span> <span class='ocrx_word' id='word_1_105' title='bbox 333 2487 438 2544; x_wconf 90' lang='lat' dir='ltr'><strong>saniori</strong></span> <span class='ocrx_word' id='word_1_106' title='bbox 458 2484 594 2543; x_wconf 80' lang='lat' dir='ltr'><strong>doctrinae</strong></span> <span class='ocrx_word' id='word_1_107' title='bbox 614 2503 672 2542; x_wconf 89' lang='lat' dir='ltr'><strong>non</strong></span> <span class='ocrx_word' id='word_1_108' title='bbox 685 2486 843 2543; x_wconf 83' lang='lat' dir='ltr'><strong>conveniat.</strong></span> <span class='ocrx_word' id='word_1_109' title='bbox 886 2485 987 2558; x_wconf 93' lang='lat' dir='ltr'><strong>ltaque</strong></span> <span class='ocrx_word' id='word_1_110' title='bbox 1004 2487 1106 2563; x_wconf 85' lang='lat' dir='ltr'><strong>gratias</strong></span> <span class='ocrx_word' id='word_1_111' title='bbox 1128 2507 1180 2564; x_wconf 92' lang='lat' dir='ltr'><strong>pro</strong></span> 
     </span>
     <span class='ocr_line' id='line_1_14' title="bbox 38 2605 1177 2684; baseline -0.002 -17"><span class='ocrx_word' id='word_1_112' title='bbox 38 2655 40 2658; x_wconf 41' lang='lat'>&gt;</span> <span class='ocrx_word' id='word_1_113' title='bbox 91 2607 187 2667; x_wconf 90' lang='lat' dir='ltr'><strong>officio</strong></span> <span class='ocrx_word' id='word_1_114' title='bbox 201 2609 311 2684; x_wconf 86' lang='lat' dir='ltr'><strong>agimus</strong></span> <span class='ocrx_word' id='word_1_115' title='bbox 325 2616 354 2663; x_wconf 90' lang='lat' dir='ltr'><strong>et</strong></span> <span class='ocrx_word' id='word_1_116' title='bbox 372 2607 527 2671; x_wconf 88' lang='lat' dir='ltr'><strong>habemus;</strong></span> <span class='ocrx_word' id='word_1_117' title='bbox 548 2624 602 2662; x_wconf 91' lang='lat' dir='ltr'><strong>nec</strong></span> <span class='ocrx_word' id='word_1_118' title='bbox 616 2623 683 2663; x_wconf 92' lang='lat' dir='ltr'><strong>vero</strong></span> <span class='ocrx_word' id='word_1_119' title='bbox 696 2605 935 2681; x_wconf 74' lang='lat' dir='ltr'><strong>pretermittimus</strong></span> <span class='ocrx_word' id='word_1_120' title='bbox 956 2605 1051 2664; x_wconf 90' lang='lat' dir='ltr'><strong>Deum</strong></span> <span class='ocrx_word' id='word_1_121' title='bbox 1073 2606 1110 2664; x_wconf 92' lang='grc' dir='ltr'><strong>Ο.</strong></span> <span class='ocrx_word' id='word_1_122' title='bbox 1133 2608 1177 2665; x_wconf 92' lang='grc' dir='ltr'><strong>Μ.</strong></span> 
     </span>
     <span class='ocr_line' id='line_1_15' title="bbox 90 2720 1255 2803; baseline -0.001 -22"><span class='ocrx_word' id='word_1_123' title='bbox 90 2743 141 2800; x_wconf 92' lang='lat' dir='ltr'><strong>per</strong></span> <span class='ocrx_word' id='word_1_124' title='bbox 154 2725 254 2781; x_wconf 87' lang='lat' dir='ltr'><strong>merita</strong></span> <span class='ocrx_word' id='word_1_125' title='bbox 273 2723 421 2799; x_wconf 85' lang='lat' dir='ltr'><strong>Unigeniti</strong></span> <span class='ocrx_word' id='word_1_126' title='bbox 433 2723 478 2780; x_wconf 90' lang='lat' dir='ltr'><strong>sui</strong></span> <span class='ocrx_word' id='word_1_127' title='bbox 490 2721 509 2779; x_wconf 84' lang='lat' dir='ltr'>J</span> <span class='ocrx_word' id='word_1_128' title='bbox 512 2739 561 2779; x_wconf 91' lang='lat' dir='ltr'><strong>esu</strong></span> <span class='ocrx_word' id='word_1_129' title='bbox 576 2720 685 2778; x_wconf 86' lang='lat' dir='ltr'><strong>Christi</strong></span> <span class='ocrx_word' id='word_1_130' title='bbox 699 2722 864 2798; x_wconf 88' lang='lat' dir='ltr'><strong>suppliciter</strong></span> <span class='ocrx_word' id='word_1_131' title='bbox 877 2739 968 2789; x_wconf 87' lang='lat' dir='ltr'><strong>orare,</strong></span> <span class='ocrx_word' id='word_1_132' title='bbox 983 2731 1014 2780; x_wconf 95' lang='lat' dir='ltr'><strong>ut</strong></span> <span class='ocrx_word' id='word_1_133' title='bbox 1027 2721 1099 2780; x_wconf 89' lang='lat' dir='ltr'><strong>adsit</strong></span> <span class='ocrx_word' id='word_1_134' title='bbox 1111 2723 1179 2780; x_wconf 86' lang='lat' dir='ltr'><strong>Tibi</strong></span> <span class='ocrx_word' id='word_1_135' title='bbox 1252 2798 1255 2803; x_wconf 90' lang='lat'><em>.</em></span> 
     </span>
     <span class='ocr_line' id='line_1_16' title="bbox 91 2836 1178 2915; baseline 0.001 -18"><span class='ocrx_word' id='word_1_136' title='bbox 91 2840 231 2915; x_wconf 91' lang='lat' dir='ltr'><strong>propitius</strong></span> <span class='ocrx_word' id='word_1_137' title='bbox 258 2840 288 2897; x_wconf 92' lang='lat' dir='ltr'><strong>in</strong></span> <span class='ocrx_word' id='word_1_138' title='bbox 314 2838 484 2895; x_wconf 91' lang='lat' dir='ltr'><strong>abundantia</strong></span> <span class='ocrx_word' id='word_1_139' title='bbox 506 2837 611 2914; x_wconf 60' lang='lat' dir='ltr'><strong>gratiae</strong></span> <span class='ocrx_word' id='word_1_140' title='bbox 626 2855 683 2909; x_wconf 93' lang='lat' dir='ltr'><strong>quo</strong></span> <span class='ocrx_word' id='word_1_141' title='bbox 708 2845 769 2895; x_wconf 91' lang='lat' dir='ltr'><strong>tum</strong></span> <span class='ocrx_word' id='word_1_142' title='bbox 788 2837 901 2913; x_wconf 90' lang='lat' dir='ltr'><strong>scriptis</strong></span> <span class='ocrx_word' id='word_1_143' title='bbox 922 2836 1096 2912; x_wconf 90' lang='lat' dir='ltr'><strong>hujusmodi,</strong></span> <span class='ocrx_word' id='word_1_144' title='bbox 1119 2849 1178 2898; x_wconf 89' lang='lat' dir='ltr'><strong>tum</strong></span> 
     </span>
     <span class='ocr_line' id='line_1_17' title="bbox 91 2950 1179 3032; baseline -0.001 -19"><span class='ocrx_word' id='word_1_145' title='bbox 91 2955 227 3032; x_wconf 89' lang='lat' dir='ltr'><strong>adjutrice</strong></span> <span class='ocrx_word' id='word_1_146' title='bbox 241 2972 327 3030; x_wconf 88' lang='lat' dir='ltr'><strong>opera</strong></span> <span class='ocrx_word' id='word_1_147' title='bbox 340 2973 393 3029; x_wconf 91' lang='lat' dir='ltr'><strong>pro</strong></span> <span class='ocrx_word' id='word_1_148' title='bbox 407 2971 523 3011; x_wconf 89' lang='lat' dir='ltr'><strong>munere</strong></span> <span class='ocrx_word' id='word_1_149' title='bbox 537 2962 585 3010; x_wconf 93' lang='lat' dir='ltr'><strong>tuo</strong></span> <span class='ocrx_word' id='word_1_150' title='bbox 599 2950 750 3027; x_wconf 88' lang='lat' dir='ltr'><strong>praebenda</strong></span> <span class='ocrx_word' id='word_1_151' title='bbox 768 2950 932 3007; x_wconf 90' lang='lat' dir='ltr'><strong>Venerabili</strong></span> <span class='ocrx_word' id='word_1_152' title='bbox 945 2952 1036 3009; x_wconf 88' lang='lat' dir='ltr'><strong>Fratri</strong></span> <span class='ocrx_word' id='word_1_153' title='bbox 1050 2951 1179 3012; x_wconf 91' lang='lat' dir='ltr'><strong>Henrico</strong></span> 
     </span>
     <span class='ocr_line' id='line_1_18' title="bbox 95 3040 1178 3146; baseline -0.001 -17"><span class='ocrx_word' id='word_1_154' title='bbox 95 3069 302 3146; x_wconf 83' lang='lat' dir='ltr'><strong>Philadelphiae</strong></span> <span class='ocrx_word' id='word_1_155' title='bbox 316 3069 442 3127; x_wconf 88' lang='lat' dir='ltr'><strong>Antistiti</strong></span> <span class='ocrx_word' id='word_1_156' title='bbox 456 3069 547 3144; x_wconf 88' lang='lat' dir='ltr'><strong>magis</strong></span> <span class='ocrx_word' id='word_1_157' title='bbox 561 3068 591 3125; x_wconf 93' lang='lat' dir='ltr'><strong>in</strong></span> <span class='ocrx_word' id='word_1_158' title='bbox 605 3066 666 3124; x_wconf 92' lang='lat' dir='ltr'><strong>dies</strong></span> <span class='ocrx_word' id='word_1_159' title='bbox 681 3087 713 3124; x_wconf 90' lang='lat' dir='ltr'><strong>ac</strong></span> <span class='ocrx_word' id='word_1_160' title='bbox 727 3067 818 3143; x_wconf 84' lang='lat' dir='ltr'><strong>magis</strong></span> <span class='ocrx_word' id='word_1_161' title='bbox 833 3040 910 3123; x_wconf 79' lang='lat' dir='ltr'><strong>dere</strong></span> <span class='ocrx_word' id='word_1_162' title='bbox 924 3066 1082 3137; x_wconf 83' lang='lat' dir='ltr'><strong>catholica,</strong></span> <span class='ocrx_word' id='word_1_163' title='bbox 1096 3090 1128 3127; x_wconf 95' lang='lat' dir='ltr'><strong>ac</strong></span> <span class='ocrx_word' id='word_1_164' title='bbox 1143 3070 1178 3129; x_wconf 90' lang='lat' dir='ltr'><strong>de</strong></span> 
     </span>
     <span class='ocr_line' id='line_1_19' title="bbox 90 3182 1179 3264; baseline -0.003 -18"><span class='ocrx_word' id='word_1_165' title='bbox 90 3189 142 3246; x_wconf 89' lang='lat' dir='ltr'><strong>ista</strong></span> <span class='ocrx_word' id='word_1_166' title='bbox 161 3188 343 3264; x_wconf 90' lang='lat' dir='ltr'><strong>potissimum</strong></span> <span class='ocrx_word' id='word_1_167' title='bbox 365 3185 481 3242; x_wconf 90' lang='lat' dir='ltr'><strong>dioecesi</strong></span> <span class='ocrx_word' id='word_1_168' title='bbox 506 3184 577 3242; x_wconf 91' lang='lat' dir='ltr'><strong>bene</strong></span> <span class='ocrx_word' id='word_1_169' title='bbox 600 3184 745 3242; x_wconf 90' lang='lat' dir='ltr'><strong>merearis.</strong></span> <span class='ocrx_word' id='word_1_170' title='bbox 792 3182 926 3256; x_wconf 89' lang='lat' dir='ltr'><strong>Denique</strong></span> <span class='ocrx_word' id='word_1_171' title='bbox 952 3187 1067 3261; x_wconf 88' lang='lat' dir='ltr'><strong>superni</strong></span> <span class='ocrx_word' id='word_1_172' title='bbox 1093 3185 1179 3264; x_wconf 85' lang='lat' dir='ltr'><strong>hujus</strong></span> 
     </span>
     <span class='ocr_line' id='line_1_20' title="bbox 92 3299 1177 3380; baseline -0.001 -19"><span class='ocrx_word' id='word_1_173' title='bbox 92 3303 216 3380; x_wconf 86' lang='lat' dir='ltr'><strong>praesidii</strong></span> <span class='ocrx_word' id='word_1_174' title='bbox 226 3302 381 3378; x_wconf 88' lang='lat' dir='ltr'><strong>auspicem,</strong></span> <span class='ocrx_word' id='word_1_175' title='bbox 397 3309 556 3373; x_wconf 81' lang='lat' dir='ltr'><strong>nostraeque</strong></span> <span class='ocrx_word' id='word_1_176' title='bbox 569 3306 670 3357; x_wconf 90' lang='lat' dir='ltr'><strong>testem</strong></span> <span class='ocrx_word' id='word_1_177' title='bbox 684 3299 834 3375; x_wconf 84' lang='lat' dir='ltr'><strong>praecipuoe</strong></span> <span class='ocrx_word' id='word_1_178' title='bbox 845 3300 968 3357; x_wconf 86' lang='lat' dir='ltr'><strong>caritatis</strong></span> <span class='ocrx_word' id='word_1_179' title='bbox 981 3300 1177 3376; x_wconf 86' lang='lat' dir='ltr'><strong>Apostolicam</strong></span> 
     </span>
     <span class='ocr_line' id='line_1_21' title="bbox 91 3413 1178 3492; baseline -0.003 -15"><span class='ocrx_word' id='word_1_180' title='bbox 91 3419 327 3477; x_wconf 87' lang='lat' dir='ltr'><strong>Benedictionem</strong></span> <span class='ocrx_word' id='word_1_181' title='bbox 338 3417 407 3474; x_wconf 89' lang='lat' dir='ltr'><strong>Tibi</strong></span> <span class='ocrx_word' id='word_1_182' title='bbox 421 3416 485 3492; x_wconf 87' lang='lat' dir='ltr'><strong>ipsi,</strong></span> <span class='ocrx_word' id='word_1_183' title='bbox 497 3413 677 3474; x_wconf 89' lang='lat' dir='ltr'><strong>Venerabilis</strong></span> <span class='ocrx_word' id='word_1_184' title='bbox 688 3415 795 3483; x_wconf 84' lang='lat' dir='ltr'><strong>Frater,</strong></span> <span class='ocrx_word' id='word_1_185' title='bbox 804 3424 981 3491; x_wconf 87' lang='lat' dir='ltr'><strong>peramanter</strong></span> <span class='ocrx_word' id='word_1_186' title='bbox 991 3416 1178 3492; x_wconf 87' lang='lat' dir='ltr'><strong>impertimur.</strong></span> 
     </span>
     <span class='ocr_line' id='line_1_22' title="bbox 94 3529 1122 3609; baseline -0.004 -14"><span class='ocrx_word' id='word_1_187' title='bbox 94 3536 161 3595; x_wconf 87' lang='lat' dir='ltr'><strong>Dat.</strong></span> <span class='ocrx_word' id='word_1_188' title='bbox 176 3535 280 3593; x_wconf 88' lang='lat' dir='ltr'><strong>Romae</strong></span> <span class='ocrx_word' id='word_1_189' title='bbox 295 3531 370 3608; x_wconf 90' lang='lat' dir='ltr'><strong>apud</strong></span> <span class='ocrx_word' id='word_1_190' title='bbox 384 3531 416 3589; x_wconf 84' lang='lat' dir='ltr'><strong>S.</strong></span> <span class='ocrx_word' id='word_1_191' title='bbox 431 3532 554 3590; x_wconf 88' lang='lat' dir='ltr'><strong>Mariam</strong></span> <span class='ocrx_word' id='word_1_192' title='bbox 567 3531 711 3609; x_wconf 85' lang='lat' dir='ltr'><strong>Majorem</strong></span> <span class='ocrx_word' id='word_1_193' title='bbox 724 3529 770 3588; x_wconf 92' lang='lat' dir='ltr'><strong>die</strong></span> <span class='ocrx_word' id='word_1_194' title='bbox 783 3535 822 3588; x_wconf 82' lang='lat'><strong>28</strong></span> <span class='ocrx_word' id='word_1_195' title='bbox 835 3531 959 3607; x_wconf 81' lang='lat' dir='ltr'><strong>Augusti</strong></span> <span class='ocrx_word' id='word_1_196' title='bbox 972 3549 1017 3587; x_wconf 86' lang='lat' dir='ltr'><strong>an.</strong></span> <span class='ocrx_word' id='word_1_197' title='bbox 1035 3535 1122 3591; x_wconf 80' lang='lat'><strong>1839.</strong></span> 
     </span>
    </p>
   </div>
   <div class='ocr_carea' id='block_1_5' title="bbox 125 3715 685 3855">
    <p class='ocr_par' dir='ltr' id='par_1_5' title="bbox 125 3715 685 3855">
     <span class='ocr_line' id='line_1_23' title="bbox 125 3715 569 3786; baseline -0.014 -17"><span class='ocrx_word' id='word_1_198' title='bbox 125 3717 297 3786; x_wconf 64' lang='lat' dir='ltr'><strong>Ponifficaius</strong></span> <span class='ocrx_word' id='word_1_199' title='bbox 310 3717 393 3768; x_wconf 82' lang='lat' dir='ltr'><strong>Nostri</strong></span> <span class='ocrx_word' id='word_1_200' title='bbox 404 3715 479 3764; x_wconf 83' lang='lat' dir='ltr'><strong>Anno</strong></span> <span class='ocrx_word' id='word_1_201' title='bbox 492 3715 569 3765; x_wconf 83' lang='lat' dir='ltr'><strong>Nono.</strong></span> 
     </span>
     <span class='ocr_line' id='line_1_24' title="bbox 363 3803 685 3855; baseline -0.006 -1"><span class='ocrx_word' id='word_1_202' title='bbox 363 3806 521 3855; x_wconf 82' lang='lat' dir='ltr'><strong>Gnssonrus</strong></span> <span class='ocrx_word' id='word_1_203' title='bbox 540 3804 598 3855; x_wconf 87' lang='grc' dir='ltr'><strong>Ρ.Ρ.</strong></span> <span class='ocrx_word' id='word_1_204' title='bbox 615 3803 685 3852; x_wconf 90' lang='lat' dir='ltr'><strong>XVI.</strong></span> 
     </span>
    </p>
   </div>
   <div class='ocr_carea' id='block_1_6' title="bbox 0 0 1324 4860">
    <p class='ocr_par' dir='ltr' id='par_1_6' title="bbox 0 0 1324 4860">
     <span class='ocr_line' id='line_1_25' title="bbox 0 0 1324 4860; baseline 0 0"><span class='ocrx_word' id='word_1_205' title='bbox 0 0 1324 4860; x_wconf 95' lang='lat' dir='ltr'><strong> </strong></span> 
     </span>
    </p>
   </div>
  </div>
 </body>
</html>
