2640 4860
514 360 572 421 DE
592 358 810 421 DIVORTIO.

552 886 696 946 CAPUT
716 886 771 946 lv.

530 1100 574 1141 DE
607 1103 792 1145 nivonnlo.

412 1263 438 1338 ς.
459 1263 484 1323 1.
524 1264 573 1323 Du
594 1281 717 1324 vincum
736 1280 912 1323 sonoriores.

160 1438 226 1492 110.
249 1433 404 1492 Vinculum
424 1434 595 1494 matrimonii
609 1432 682 1493 solvi
701 1434 771 1493 olim
791 1433 924 1510 permisit
941 1433 1067 1509 Moyses
1086 1430 1184 1496 Judaa,

116 1551 215 1593 eomm
228 1533 341 1592 duritiei
354 1533 477 1601 cedens;
498 1532 549 1592 sed
564 1534 621 1592 vim
644 1534 707 1610 ejus
726 1535 864 1611 integram
884 1533 984 1591 statuit
997 1530 1127 1591 Christus
1138 1531 1185 1606 lege

116 1632 166 1690 illa
179 1634 365 1711 gravissima:
388 1633 505 1701 “Quod
518 1634 600 1693 Deus
611 1633 770 1709 conjunxit,
785 1632 872 1690 homo
885 1650 944 1690 non
958 1641 1072 1708 separet
1082 1626 1125 1689 :’'¹
1136 1629 1185 1688 inde

115 1732 192 1790 enim
215 1732 321 1792 sactum
342 1743 395 1802 est,
409 1743 440 1792 ut
461 1734 539 1793 nulla
559 1751 676 1811 prorsus
696 1731 822 1791 hominis
841 1732 1011 1790 auctoritate
1031 1732 1104 1790 solvi
1122 1739 1187 1804 queat

115 1830 239 1907 ligamen
254 1832 328 1891 inter
340 1833 498 1909 baptizatos
512 1834 645 1893 homines
659 1841 844 1898 contractum,
858 1840 887 1888 et
898 1848 930 1888 re
944 1831 1122 1907 perfectum3
1134 1829 1187 1887 duo

115 1948 179 1989 rum
203 1931 311 2009 quippe
334 1933 364 1991 in
389 1931 490 1991 eadem
511 1951 595 1992 carne
615 1932 779 2009 conjunctio
797 1940 842 1989 cst
861 1929 973 1988 Christi
993 1950 1060 1989 cum
1075 1929 1190 1989 Ecclesia

116 2031 212 2107 imago
225 2031 380 2089 simillima.
402 2032 547 2103 Equidem
557 2041 667 2090 constat
676 2048 881 2103 nonnunquam
891 2029 1052 2106 baptizatos
1065 2030 1190 2093 homines,

115 2130 170 2186 ritu
194 2129 333 2187 Ecclesiae
354 2131 523 2207 conjunctos
543 2132 680 2207 deinceps
700 2130 821 2189 divortio
845 2139 993 2206 separatos
1014 2129 1114 2197 fuisse,
1133 2129 1192 2186 iacta

115 2225 239 2287 alterutri
253 2236 392 2303 potestate
405 2227 440 2285 ad
455 2247 528 2286 nova
551 2230 717 2288 transeundi
731 2239 812 2289 vota:
834 2227 912 2302 quod
927 2229 1057 2306 contigit,
1072 2229 1117 2287 vel
1131 2223 1192 2300 quod

114 2325 324 2383 matrimonium
335 2344 364 2383 rs
375 2340 603 2387 consummatum
619 2347 676 2387 non
688 2338 773 2398 esset,
785 2328 905 2401 ideoque
917 2328 1049 2404 pontifex
1058 2343 1194 2405 supremus

115 2424 169 2482 sibi
195 2424 280 2483 licere
300 2424 476 2484 existimaret
495 2427 565 2487 illud
588 2429 625 2486 ob
645 2447 745 2486 causas
765 2428 951 2506 gravissimas
971 2428 1097 2496 solvere,
1115 2443 1193 2501 quum

114 2523 228 2583 deesset
240 2525 403 2602 conjunctio
423 2527 526 2596 carnis,
541 2527 576 2586 de
597 2547 654 2600 qua
674 2529 816 2604 praeeipue
836 2527 962 2599 loquitur
976 2527 1140 2604 Scriptura3
1158 2524 1195 2582 vel

115 2625 192 2696 quod
206 2626 300 2702 ipsum
310 2625 359 2702 jus
373 2638 490 2695 naturae,
513 2628 559 2686 vel
578 2628 657 2704 leges
677 2627 818 2685 Ecclesiae
840 2628 987 2685 obstarent
1007 2645 1045 2685 ne
1066 2628 1138 2684 inter
1154 2643 1194 2682 eos

115 2725 280 2804 conjugium
302 2723 367 2784 iniri
387 2738 494 2802 posset.
537 2727 622 2795 Quod
642 2736 736 2784 autem
756 2727 968 2784 matrimonium
981 2725 1059 2785 haud
1073 2744 1196 2785 consum·

115 2833 222 2883 matum
245 2823 391 2902 religionis
414 2827 591 2903 professione
618 2828 752 2894 solvatur.
773 2844 811 2885 ex
830 2826 1033 2899 antiquissima
1058 2826 1196 2884 traditione

115 2923 312 2999 proficiscitur,
332 2925 416 3001 juxta
438 2945 524 2999 quam
544 2928 593 2987 illa
612 2928 657 2984 sui
678 2925 781 2984 dicatio
801 2928 831 2984 in
851 2925 908 2984 Dei
921 2927 1094 2998 obsequium
1108 2926 1196 2985 mortis

115 3023 269 3092 instarent,
283 3023 354 3081 adeo
367 3035 398 3082 ut
411 3025 533 3085 samnius
554 3026 663 3084 Christi
684 3025 792 3084 mundo
812 3026 907 3083 vivere
928 3044 987 3083 non
1001 3026 1126 3102 amplius
1139 3042 1194 3082 cen·

114 3134 218 3180 seatur.
260 3122 337 3181 Inter
357 3123 488 3184 homines
509 3126 584 3185 haud
605 3127 765 3203 baptizatos
785 3144 843 3184 non
863 3125 935 3183 adeo
956 3133 1069 3183 constat
1088 3125 1195 3183 firmitas

113 3231 284 3288 contractus,
298 3221 371 3278 solvi
385 3225 460 3281 enim
475 3234 577 3302 potest,
592 3227 633 3283 uti
647 3226 780 3293 vidimus,
794 3225 824 3283 in
837 3223 904 3282 fidei
917 3224 1056 3292 favorem,
1072 3225 1194 3283 alterutro

113 3319 148 3376 ad
162 3318 249 3375 tidem
263 3338 413 3388 converso,
429 3323 515 3380 altero
529 3324 595 3383 verb
616 3325 787 3383 detrectante
808 3325 915 3396 absque
936 3323 1086 3381 Creatoris
1108 3332 1194 3381 contu·

113 3417 198 3475 melia
211 3415 334 3473 habitare
351 3436 415 3474 cum
430 3419 516 3477 fideli.
560 3423 682 3489 Quando
696 3444 763 3482 vero
783 3442 820 3481 ex
834 3423 975 3481 Ecclesiae
990 3422 1192 3499 dispensatione

113 3515 268 3574 conciliatae
289 3523 355 3572 sunt
374 3519 481 3592 nuptiae
502 3519 575 3592 inter
597 3521 710 3580 fidelem
733 3534 761 3580 et
783 3522 928 3580 hominem
943 3540 1001 3578 non
1016 3522 1191 3597 baptizatum.

112 3614 231 3676 dubitari
242 3623 334 3691 potest
346 3624 440 3674 utrum
454 3618 512 3676 ullo
527 3620 555 3676 in
569 3638 663 3678 rerum
678 3632 779 3680 eventu
793 3622 867 3680 solvi
878 3631 1000 3694 queant:
1016 3621 1101 3678 nobis
1110 3632 1193 3679 autem

112 3717 222 3775 videtur
234 3735 349 3792 semper
362 3716 435 3776 solvi
449 3737 546 3795 posse,
561 3721 586 3777 si
599 3730 698 3778 renuat
706 3720 829 3779 infidelis
843 3740 908 3778 oum
924 3719 1000 3777 fideli
1014 3719 1151 3787 habitare,
1164 3716 1192 3774 de

113 3834 149 3876 eo
162 3819 238 3876 euim
253 3815 310 3876 dici
323 3827 432 3895 potest:
457 3820 574 3887 “Quod
588 3821 613 3877 si
626 3820 750 3878 infidelis
764 3819 892 3887 discedit,
907 3815 1086 3877 discedat.”²

155 3920 222 3974 lll.
238 3917 380 3982 Qnaeritur
390 3926 483 3977 utrum
496 3919 657 3988 catholico,
667 3919 725 3978 ullo
735 3920 867 3978 inrerum
879 3928 993 3986 eventu.
1002 3918 1039 3976 ad
1048 3919 1121 3995 legis
1131 3915 1190 3974 civi·

112 4012 147 4070 lis
158 4015 322 4090 praesidium
334 4016 486 4095 confugere
495 4020 587 4087 liceat,
600 4012 655 4092 qua
665 4018 815 4077 divortium
830 4018 935 4077 vinculi
943 4018 1118 4076 conceditur.
1139 4013 1191 4073 Ali·

111 4112 1190 4195 quandocontingitmatrimoniumnullumesseobimpedimentumoanoni·

247 4317 289 4382 (¹)
310 4317 381 4367 Matt·
395 4319 444 4369 xix·
458 4323 480 4368 6·
814 4323 857 4389 (a)
880 4325 889 4370 1
906 4320 1015 4370 eosve.
1031 4322 1068 4369 rs.
