2640 4860
183 375 240 433 lbb
378 370 436 432 DE
455 367 569 430 Loco
589 368 635 430 IN
657 368 745 437 QUO
765 368 1069 432 CELEBRETUE.

178 537 361 596 celebrarent.
403 536 552 611 Equidem
565 536 601 595 de
622 536 751 596 ecclesiis
774 537 909 615 agebatur
927 557 991 612 quae
1013 539 1187 599 solemniter
1205 557 1268 598 con·

179 646 295 694 sectatu
308 636 428 705 fuerant,
437 637 517 696 altari
529 636 565 695 ad
578 636 709 695 sacrificii
722 636 941 695 celebrationem
952 638 983 696 in
994 638 1031 696 iis
1043 647 1153 698 erecto.
1187 639 1270 717 Apud

179 753 232 794 nos
245 735 324 794 nulla
343 747 388 793 est
406 738 480 795 inter
499 736 647 795 hereticos
666 736 787 794 ecclesia
806 746 980 806 consecrata,
995 738 1127 811 quamvis
1151 737 1270 815 Episco-

178 834 259 911 pales
268 836 324 894 ritu
337 834 461 909 quodam
474 846 503 893 et
516 836 647 913 precibus
661 834 756 893 dicent
768 854 835 894 ruas
848 834 935 904 edes,
949 844 978 894 et
989 854 1121 895 mensam
1138 837 1269 904 lrabeaut,

179 951 264 1007 quam
284 934 378 993 altaris
398 935 515 995 nomine
535 936 565 993 in
583 935 648 994 loco
661 934 802 1011 superiori
823 933 953 993 nonnulli
968 937 1042 1012 jam,
1055 936 1163 994 veteris
1183 937 1269 996 moris

180 1033 285 1101 amuli,
296 1034 418 1111 erigunt
460 1034 494 1092 lu
512 1034 588 1092 nulla
601 1044 695 1092 autem
714 1033 837 1092 ecclesia
849 1032 1057 1104 hereticorum,
1071 1034 1119 1093 vel
1133 1035 1271 1094 schisma·

179 1131 310 1202 ticorum,
331 1133 530 1192 celebrandum
555 1122 698 1209 putamus,
720 1150 809 1205 quum
834 1131 864 1190 id
883 1133 932 1191 rix
951 1133 1014 1192 lieri
1036 1135 1140 1211 possit,
1161 1142 1270 1193 servata

180 1232 322 1291 sacrificio
334 1233 501 1300 reverentia,
515 1239 544 1290 et
563 1232 593 1290 in
607 1232 725 1291 haeresis
746 1232 933 1308 patrocinium
954 1232 1056 1291 cedere
1076 1234 1181 1311 possit,
1196 1232 1271 1307 quod

181 1342 260 1390 tanto
272 1349 391 1391 munere
404 1332 519 1409 dignata
531 1331 577 1389 eit.
611 1330 701 1408 Igitur
713 1331 739 1388 si
747 1331 869 1390 ecclesia
878 1331 1018 1390 catholica
1025 1331 1109 1402 desit,
1120 1333 1153 1392 in
1163 1331 1279 1391 aedibus-

183 1431 302 1507 privatis
329 1431 471 1489 celebrare
491 1439 623 1506 prestat:
649 1430 726 1503 quod
748 1430 774 1488 si
793 1432 873 1489 locus
895 1430 1071 1490 desideretur
1091 1433 1225 1509 amplior,
1238 1433 1271 1490 ob

181 1528 308 1589 fidelium
321 1525 540 1598 multitudinem,
555 1529 620 1587 aula
632 1529 754 1606 publica,
768 1547 818 1588 seu
832 1531 921 1600 curia,
936 1549 987 1589 seu
1008 1531 1119 1601 schola,
1133 1533 1178 1605 uti
1190 1549 1268 1609 opor·

181 1629 264 1687 tebit:
288 1630 404 1688 minime
430 1627 497 1687 verd
531 1629 648 1698 theatro,
675 1628 843 1687 Liberorum
875 1631 1054 1689 Muratorum
1081 1630 1203 1701 edibus,
1227 1630 1269 1688 rel

180 1728 312 1786 cubiculo
325 1727 475 1787 diversorii
487 1729 516 1787 iu
530 1748 587 1802 quo
600 1728 711 1787 choreae
725 1728 824 1786 haberi
837 1728 939 1787 solent.

221 1830 270 1886 89.
293 1827 427 1887 Graviter
439 1838 537 1906 peccat
550 1829 599 1902 qui
612 1829 735 1887 Missam
756 1827 882 1886 celebrat
900 1828 930 1885 in
952 1827 1073 1885 ecclesia
1092 1829 1214 1906 polluta,
1228 1829 1268 1886 vel

181 1926 339 1997 interdicta,
353 1928 399 1986 vel
412 1937 569 1996 exsecrata,
591 1946 679 2000 quum
699 1928 735 1986 ob
756 1927 824 1985 tanti
847 1927 979 1985 sacrificii
1001 1930 1192 1988 reverentiam
1212 1928 1268 2006 lege

182 2027 376 2086 ecclesiastica
389 2037 516 2086 vetetur:
542 2026 594 2084 aed
603 2025 710 2084 nullam
724 2026 866 2085 contrahit
878 2045 1039 2086 censuram.
1080 2027 1217 2088 Ecclesia
1228 2046 1271 2086 au·

182 2137 238 2185 tem
253 2126 343 2202 pollui
362 2136 494 2185 censetur
514 2125 639 2184 violenta
651 2125 798 2202 sauguinis
812 2125 930 2185 humani
943 2120 1111 2196 effusione,¹
1125 2128 1219 2202 qualis
1231 2137 1271 2186 est

181 2225 260 2300 gravi
285 2224 402 2282 vulnere
422 2224 540 2291 inflicto,
564 2223 615 2282 sed
636 2225 684 2282 vix
703 2223 839 2300 polluitur
858 2227 998 2304 sauguine
1019 2244 1035 2284 e
1057 2227 1186 2297 naribus,
1208 2228 1273 2286 licet

181 2341 289 2399 pugno,
303 2331 439 2381 extracto.
482 2322 623 2382 Polluitur
634 2322 791 2383 homicidio
804 2325 964 2403 voluntario
984 2319 1272 2404 etinjurioso,²1ioet

182 2420 298 2498 sanguis
313 2421 389 2480 haud
411 2421 553 2492 fundatur,
577 2423 619 2482 uti
640 2422 751 2497 siquis
774 2425 979 2503 stranguletur:
1001 2443 1059 2483 non
1072 2423 1170 2485 autem
1183 2426 1273 2486 honri·

182 2521 258 2579 cidio
281 2521 359 2595 quod
383 2530 460 2580 caret
483 2522 576 2599 culpa,
597 2542 632 2581 v:
647 2542 683 2601 g:
705 2520 783 2596 qnod
803 2523 853 2583 fiat
872 2545 889 2583 a
908 2533 1004 2583 mente
1024 2535 1118 2603 capto.
1162 2525 1272 2600 Siquis

182 2622 345 2681 vulneratus
378 2622 469 2699 fugiat
500 2622 536 2681 ad
568 2623 729 2691 ecclesiam,
759 2623 866 2695 ibique,
900 2624 1168 2702 copia-sanguinis
1200 2626 1272 2694 susa,

184 2722 329 2791 moriatur,
353 2741 411 2781 non
431 2721 568 2798 polluitur
587 2722 718 2789 ecclesia,
739 2722 807 2793 quia
826 2708 986 2781 vulnus‘iii'
999 2743 1034 2782 ea
1046 2733 1197 2802 acceptum
1217 2744 1275 2784 non

183 2831 242 2878 est:
265 2836 393 2881 econtra
414 2822 440 2879 si
462 2822 623 2880 vulneratus
636 2822 667 2880 in
680 2821 801 2879 ecclesia
820 2823 854 2878 ab
873 2823 989 2880 homine
1001 2805 1202 2907 eatra‚posito,
1217 2825 1274 2883 telo

179 2923 267 2998 jacto,
294 2921 339 2979 vel
362 2921 510 2998 catapultae
533 2920 712 2998 explosione,
734 2920 810 2979 foras
833 2921 967 2998 prodiens
987 2915 1135 2992 moriatur,
1149 2925 1274 2983 ecclesia

183 3020 301 3078 habetur
314 3021 430 3097 polluta.
472 3021 600 3081 Seminis
623 3021 740 3079 humani
760 3020 917 3080 voluntaria
936 3020 1088 3090 effusione,
1112 3023 1181 3082 licet
1205 3024 1274 3082 alias

183 3119 270 3185 licita,
285 3119 377 3190 qualis
391 3120 419 3178 in
434 3120 570 3198 conjugio
584 3130 637 3187 est,
651 3121 788 3197 polluitur
797 3121 933 3179 ecclesia:
955 3139 1021 3180 narn
1036 3123 1275 3199 “cujuscumque

184 3216 316 3274 semine”
338 3217 427 3292 pollui
450 3218 553 3277 dicitur
578 3220 609 3276 in
625 3215 717 3294 jure.³
758 3218 816 3276 Sed
836 3239 992 3293 numquam
1014 3220 1135 3279 habetur
1154 3223 1274 3299 polluta,

184 3316 239 3373 nisi
269 3313 375 3373 facturn
402 3316 439 3373 sit
463 3310 631 3375 notorium.⁴
681 3317 823 3376 Polluitur
855 3319 999 3396 sepultura
1027 3323 1275 3397 *excommunicati

184 3412 353 3470 nominatim
368 3411 551 3482 denuntiati,⁵
570 3433 628 3474 non
642 3424 734 3473 autem
757 3418 903 3494 sepultura
926 3418 1051 3477 heretici
1073 3420 1196 3488 tolerati,
1214 3439 1276 3493 quae

184 3522 277 3569 tamen
292 3520 399 3569 vetatur
411 3513 494 3572 etiam
509 3514 562 3571 sub
575 3517 882 3576 excommunicationis
897 3536 991 3594 poena,
1007 3526 1127 3593 “usque
1142 3518 1179 3576 ad
1192 3521 1274 3578 satis·

183 3610 335 3671 factionem
349 3603 532 3672 idoneam.’'⁶
572 3614 641 3673 Mos
661 3614 748 3692 igitur
769 3617 818 3689 qui
839 3617 941 3676 alicubi
953 3618 1084 3677 inductus
1107 3618 1275 3678 esthaereti·

184 3732 282 3772 corum
297 3711 433 3772 cadavera
453 3714 483 3773 in
507 3711 608 3773 eodem
623 3715 731 3775 tumulo
745 3735 810 3774 cum
824 3717 972 3776 catholicis
986 3718 1041 3777 sibi
1055 3719 1196 3796 sauguine
1209 3739 1275 3778 con·

180 3815 290 3891 junctis
310 3814 478 3892 sepeliendi,
485 3815 546 3894 juri
565 3815 705 3874 canonico
725 3816 809 3893 plane
829 3815 965 3875 adversus
985 3826 1039 3886 eet,
1053 3826 1082 3875 et
1094 3829 1274 3896 quantocyus

184 3914 390 3975 emendandus.
433 3916 575 3978 Polluitur
599 3934 650 3994 per
675 3916 851 3992 sepulturam
876 3915 1000 3977 infidelis
1026 3936 1085 3976 uon
1107 3914 1275 3996 baptizati2⁷

221 4082 263 4145 (1)
284 4081 314 4131 C.
326 4098 368 4132 xx·
380 4082 524 4137 domuere.
536 4084 590 4135 dist
604 4087 625 4134 l.
761 4085 803 4151 (2)
824 4083 1084 4148 Cupiudeeumeer.

221 4165 263 4229 (a)
280 4166 624 4222 cartennensem.
759 4170 802 4236 (4)
822 4168 848 4217 s.
860 4170 935 4235 nrpn
946 4170 962 4219 1.
973 4170 1111 4221 vineoe

220 4249 262 4315 (5)
282 4249 344 4313 Cap.
355 4251 396 4300 vii.
408 4251 437 4303 de
448 4271 551 4306 conroer.
561 4255 654 4309 Eccles·
751 4256 794 4322 (6)
813 4255 864 4304 'ric
874 4254 899 4303 ii.
911 4270 963 4320 cap.
972 4255 997 4304 ii.
1008 4254 1038 4306 de
1048 4253 1169 4306 taruco
1179 4255 1207 4306 in
1216 4257 1239 4304 6.

445 4339 488 4404 (7)
508 4338 661 4392 O.1xvii.et
670 4339 755 4390 xxviii
765 4339 796 4389 de
806 4338 977 4390 consecr-dist.
992 4342 1014 4389 l.
