2640 4860
119 384 179 442 274
494 374 637 436 CAPUT
657 375 841 436 UNIGUM.

164 549 210 603 13.
232 544 290 610 Qui
303 544 333 601 in
347 552 420 601 statu
434 544 542 617 peccati
555 542 681 601 mortalis
693 542 809 602 ordines
817 541 866 601 dat
873 544 1000 601 minores
1013 553 1042 602 et
1055 553 1207 612 tonsuram,

117 661 285 723 persuasum
305 641 413 700 habens
426 658 477 700 eos
490 660 549 700 non
561 659 627 700 esse
640 652 826 710 sacramenta,
839 660 898 701 nou
910 640 1023 701 videtur
1035 642 1208 702 damnandus

122 745 189 803 novi
204 742 329 820 peccati:
352 758 434 798 secus
448 742 472 797 si
492 759 613 799 censura
634 742 736 818 ligatus
758 751 811 810 est,
826 759 913 814 quam
935 742 1042 800 violare
1063 751 1207 820 peccabam

121 852 165 902 cst
178 859 274 918 grave.
296 840 354 907 Qui
368 858 403 897 eo
416 839 446 896 iu
459 849 532 897 statu
542 838 731 908 diaconatum,
746 840 947 908 sacerdotium,
957 840 1006 899 vel
1014 843 1208 920 episcopatum

121 941 178 1008 dat,
194 958 300 1000 novum
311 947 458 1016 peccatum
473 938 606 1007 admittit,
621 950 649 996 et
661 939 777 1011 quidem
788 959 839 1017 pro
852 957 973 1000 numero
988 939 1208 1001 ordinandorum

122 1041 206 1099 toties
219 1049 328 1115 peccat,
343 1038 449 1114 singuli
462 1038 538 1094 enirn
550 1047 629 1095 actus
642 1040 752 1097 suntin
766 1057 797 1097 se
807 1038 952 1116 completi.

464 1265 489 1339 §.
506 1264 561 1324 111.
603 1264 652 1323 Du
673 1283 865 1326 cremauere.

163 1443 210 1498 14.
231 1438 290 1505 Qui
302 1436 473 1513 baptismum
486 1453 544 1494 non
558 1445 714 1512 acceperat,
724 1436 853 1496 ordinem
867 1436 977 1495 nullum
986 1437 1136 1514 reciperet,
1146 1437 1207 1494 licet

119 1541 188 1598 ritus
202 1539 231 1596 in
245 1556 280 1595 eo
289 1546 420 1613 peractus
433 1533 543 1601 fuisset,
554 1553 620 1592 nam
627 1535 759 1594 minister
774 1535 884 1594 Christi
898 1553 963 1593 esse
977 1553 1036 1594 non
1047 1544 1151 1613 potest,
1161 1536 1205 1608 qui

122 1638 282 1696 charactere
302 1635 456 1693 christiano
467 1651 525 1691 non
538 1630 767 1712 estiusignitus.¹

161 1741 207 1793 lo.
230 1734 291 1793 Soli
302 1733 407 1793 subditi
420 1733 454 1790 ab
463 1751 637 1807 unoquoque
649 1731 945 1810 episcopoordinandi
953 1741 1029 1801 sunt,
1039 1733 1095 1792 nisi
1103 1733 1203 1791 litteras

122 1833 297 1892 dimissorias
324 1835 369 1891 sui
394 1831 530 1891 ordinarii
557 1833 604 1890 alii
630 1831 758 1900 afferant,
784 1832 830 1890 vel
855 1833 1039 1910 privilegium
1063 1832 1204 1891 habuerint

119 1916 255 2009 speciale.
298 1933 419 1991 Ratione
437 1931 572 2008 originis
592 1931 718 1990 subditus
732 1941 776 1990 est
794 1935 844 2004 qui
864 1933 894 1989 in
920 1932 1040 1990 dioeeesi
1060 1940 1104 1989 est
1117 1939 1202 1996 natus,

120 2030 308 2090 “dummodo
334 2040 429 2089 tamen
455 2031 493 2087 ibi
522 2040 603 2090 natus
629 2048 687 2089 non
706 2030 791 2090 fuerit
817 2049 854 2088 ex
880 2030 1031 2100 accidenti,
1059 2031 1202 2090 occasione

120 2131 257 2188 nimirum
275 2131 394 2197 itineris,
410 2128 508 2196 officii,
522 2129 684 2206 legationis,
698 2139 873 2198 mercaturae,
889 2130 935 2188 vel
946 2131 1077 2207 cujusvis
1095 2129 1201 2188 alterim

120 2229 284 2304 temporalis
298 2246 395 2294 morae,
409 2246 461 2286 seu
474 2231 676 2303 permanentia
689 2229 753 2304 ejus
765 2229 853 2306 patris
866 2230 896 2288 in
909 2229 959 2288 illo
972 2228 1057 2297 loco;
1071 2247 1128 2303 quo
1142 2245 1202 2286 casu

120 2324 280 2383 nullatenus
301 2323 442 2400 ejusmodi
456 2323 569 2382 fortuita
589 2327 731 2394 nativitas,
745 2325 796 2384 scd
817 2344 883 2384 vera
902 2337 1010 2384 tautum
1024 2333 1055 2384 et
1075 2327 1202 2384 naturalis

117 2425 204 2499 patris
217 2425 299 2499 origo
311 2424 364 2481 erit
386 2416 603 2480 attendenda.’'²
634 2426 677 2483 Ita
689 2424 873 2484 Innocentius
886 2424 957 2484 XII.
979 2424 1106 2484 Ratione
1117 2421 1202 2483 domi·

121 2521 185 2581 cilia'
199 2522 328 2581 subditus
342 2522 374 2579 fit
394 2522 443 2594 qui
456 2521 490 2578 ad
511 2521 657 2582 dioecesim
679 2525 808 2600 pervenit
827 2524 922 2581 animo
944 2524 985 2582 ibi
1010 2522 1201 2600 permanendi,

116 2625 165 2694 qui
186 2622 317 2680 decennii
337 2621 510 2679 habitatione
536 2621 679 2697 probetur,
701 2623 746 2680 vel
767 2621 853 2680 domo
877 2623 1026 2690 aedificata,
1049 2632 1078 2679 et
1103 2625 1203 2701 majore

119 2722 258 2779 bonorum
285 2729 363 2796 parte
385 2720 452 2777 illuc
466 2716 623 2786 translata‚³
639 2733 667 2776 et
687 2739 737 2796 per
756 2721 879 2778 notabile
900 2720 1016 2793 aliquod
1036 2729 1149 2796 tempus
1169 2719 1202 2777 ibi

119 2820 279 2878 manendo:
301 2819 438 2890 debetque
455 2819 552 2894 jurare
566 2818 641 2876 hunc
656 2821 783 2876 animum
797 2830 863 2876 tunc
877 2837 908 2876 se
928 2819 1044 2878 habere.
1087 2819 1201 2877 Ratione

117 2917 254 2997 beneficii
274 2917 401 2976 subditus
423 2917 455 2974 lit
481 2919 530 2990 qui
556 2917 727 2977 beneficium
754 2912 981 2977 ecclesiasticum
1008 2918 1045 2975 ab
1070 2920 1202 2995 episcopo

118 3012 253 3094 aceepit‚⁴
265 3018 314 3089 qui
328 3027 421 3075 tamen
436 3017 460 3072 si
474 3016 558 3074 suerit
570 3026 695 3085 tonsura,
711 3018 755 3074 vel
772 3018 930 3076 minoribus
950 3016 1111 3085 ordinibus,
1125 3038 1142 3075 a
1154 3034 1201 3074 sno

114 3118 253 3192 episeopo
279 3117 414 3183 initiatus,
438 3115 521 3173 debet
546 3116 684 3174 exhibere
708 3115 814 3174 litteras
845 3116 1051 3175 testimoniales
1084 3117 1121 3174 de
1147 3117 1199 3174 suis

115 3216 263 3280 natalibus,
288 3224 377 3280 aetate,
402 3224 431 3271 et
456 3215 592 3274 moribus.
635 3216 730 3283 Quum
757 3217 834 3274 nulla
860 3214 936 3292 apud
956 3234 1010 3275 nos
1034 3216 1095 3273 sint
1116 3215 1200 3273 stricti

113 3314 237 3370 nominis
251 3313 399 3378 beneficia,
413 3315 530 3390 originis
553 3323 581 3371 et
601 3315 737 3373 domicilii
753 3315 819 3391 jura
839 3314 1007 3372 attendenda
1027 3323 1103 3372 sunt.
1145 3313 1197 3380 Qui

116 3428 153 3466 ex
167 3410 286 3485 Europa
305 3410 362 3467 huc
383 3422 520 3469 venerunt
539 3432 655 3472 suorum
677 3415 879 3491 episcoporum
898 3413 1005 3471 litteras
1027 3413 1200 3472 dimissorias

111 3508 278 3584 plerumque
299 3508 437 3567 afferunt:
460 3512 537 3583 quod
551 3514 576 3569 si
589 3513 699 3590 legibus
717 3515 816 3589 patriis
838 3521 955 3579 vetetur,
971 3531 1007 3570 ue
1031 3507 1194 3590 epsscopus,

146 3715 189 3778 (l)
210 3712 287 3763 Cone.
296 3712 354 3762 Nic.
366 3712 429 3762 Can.
440 3714 491 3762 xix.
501 3720 526 3764 et
537 3731 558 3763 c.
570 3714 677 3775 veniens,
688 3714 718 3764 de
729 3714 813 3781 presb.
825 3729 876 3764 non
885 3713 980 3780 daptiz.

146 3801 189 3864 (2)
210 3799 313 3848 Constit.
326 3797 503 3867 Speculatores.
539 3799 684 3849 Communis
690 3799 877 3865 jurisprincipia
889 3804 1038 3848 consonant:
1057 3797 1133 3847 “Itis
1143 3795 1197 3854 said,

110 3883 169 3941 that,
181 3884 207 3932 in
218 3900 289 3947 every
300 3884 409 3944 case,the
420 3884 527 3933 children
536 3885 597 3933 born
606 3885 634 3933 os
641 3884 747 3946 English
758 3891 855 3948 parents
863 3899 927 3932 were
938 3883 1046 3946 capable,
1054 3888 1080 3931 at
1088 3896 1195 3932 common

109 3969 164 4027 law,
178 3969 207 4017 of
218 3969 351 4030 inheriting
361 3985 388 4017 as
404 3969 497 4018 nativea
514 3969 591 4018 isthe
609 3969 686 4017 father
706 3975 772 4017 went
792 3969 840 4018 and
860 3967 992 4018 continued
1009 3967 1099 4016 abroad
1117 3967 1144 4016 iu
1159 3965 1195 4014 the

111 4050 233 4101 character
244 4054 272 4101 os
279 4069 311 4102 an
320 4052 492 4114 Englishman‚
500 4052 549 4102 and
559 4052 619 4101 with
631 4052 672 4101 the
684 4052 840 4117 approbation
852 4053 881 4102 of
888 4053 929 4103 the
936 4050 1096 4113 Severeigne’
1113 4047 1195 4099 Kent's

13 4179 22 4194 ,
111 4133 208 4186 Gomm.
217 4138 263 4186 vol.
274 4137 299 4187 ii
310 4154 335 4186 n.
344 4141 384 4185 51.
411 4138 526 4198 Queritur
537 4138 567 4188 de
579 4138 669 4187 civium
682 4138 881 4189 Americanorum
892 4137 949 4187 filiis
960 4137 988 4186 in
999 4137 1089 4187 exteris
1099 4132 1193 4198 regioni·

107 4219 153 4267 bus
163 4221 227 4268 uatis
235 4221 297 4270 nihil
308 4223 360 4282 lege
372 4222 505 4273 definitum.
533 4223 568 4272 lb.
582 4240 607 4273 n.
619 4226 660 4271 53.

148 4303 190 4368 (3)
211 4301 296 4352 Consi.
308 4304 483 4370 speculationes.
647 4308 688 4374 (4)
709 4306 739 4356 C.
751 4323 808 4358 cum
819 4307 909 4366 nullus,
921 4306 951 4355 do
962 4312 1036 4370 temp.
1047 4303 1097 4354 ord.
